symbol,timestamp,liq_long_count,liq_short_count,liq_long_usd_size,liq_short_usd_size,trade_long_count,trade_short_count,trade_long_usd_size,trade_short_usd_size,funding_rate
BTCUSDT,2024-12-10 11:02:46,0,0,0.0,0.0,7,84,184668.3798924,3262056.4487021994,0.0001
ETHUSDT,2024-12-10 11:02:46,0,0,0.0,0.0,4,25,190022.82304299998,567105.15932,0.0001
XRPUSDT,2024-12-10 11:02:46,0,1,0.0,5215.18078,12,6,319391.2459999999,80470.9705,0.0001
SOLUSDT,2024-12-10 11:02:46,0,0,0.0,0.0,4,15,124436.29286,261896.28267,0.0001
LINKUSDT,2024-12-10 11:02:46,0,0,0.0,0.0,1,2,14999.9234,38532.7932,0.0001
ADAUSDT,2024-12-10 11:02:46,0,1,0.0,202.03722,5,2,91482.21979999999,24452.83674,0.0001
TRXUSDT,2024-12-10 11:02:46,0,1,0.0,489.95072,1,0,16846.439300000002,0.0,0.0001
BNBUSDT,2024-12-10 11:02:46,0,0,0.0,0.0,0,1,0.0,18324.19827,5.372e-05
SUIUSDT,2024-12-10 11:02:46,0,0,0.0,0.0,0,0,0.0,0.0,-3.315e-05
HBARUSDT,2024-12-10 11:02:46,0,0,0.0,0.0,0,0,0.0,0.0,0.0001
LTCUSDT,2024-12-10 11:02:46,0,0,0.0,0.0,0,0,0.0,0.0,0.0001
SUSHIUSDT,2024-12-10 11:02:46,0,0,0.0,0.0,0,0,0.0,0.0,0.0001
UNIUSDT,2024-12-10 11:02:46,0,0,0.0,0.0,0,6,0.0,113505.22958000001,0.0001
AVAXUSDT,2024-12-10 11:02:46,0,0,0.0,0.0,2,1,23747.3808,15425.4628,4.766e-05
ALGOUSDT,2024-12-10 11:02:46,0,0,0.0,0.0,0,0,0.0,0.0,0.0001
ETCUSDT,2024-12-10 11:02:46,0,0,0.0,0.0,0,0,0.0,0.0,0.0001
DOTUSDT,2024-12-10 11:02:46,0,0,0.0,0.0,0,1,0.0,24419.844479999996,9.416e-05
FILUSDT,2024-12-10 11:02:46,0,1,0.0,2909.179,0,1,0.0,14915.9712,0.0001
ARBUSDT,2024-12-10 11:02:46,0,0,0.0,0.0,0,0,0.0,0.0,0.0001
BCHUSDT,2024-12-10 11:02:46,0,0,0.0,0.0,0,0,0.0,0.0,0.0001
WLDUSDT,2024-12-10 11:02:46,0,0,0.0,0.0,1,0,10201.3821,0.0,-7.93e-06
CRVUSDT,2024-12-10 11:02:46,0,2,0.0,1705.8892,0,6,0.0,82170.91986000001,0.0001
NEARUSDT,2024-12-10 11:02:46,0,0,0.0,0.0,0,0,0.0,0.0,7.641e-05
XLMUSDT,2024-12-10 11:02:46,0,0,0.0,0.0,1,1,25883.149999999998,11138.7045,0.0001
SANDUSDT,2024-12-10 11:02:46,0,0,0.0,0.0,0,0,0.0,0.0,0.0001
AAVEUSDT,2024-12-10 11:02:46,0,0,0.0,0.0,0,1,0.0,14040.257730000001,0.0001
RENDERUSDT,2024-12-10 11:02:46,0,0,0.0,0.0,0,0,0.0,0.0,5e-05
APTUSDT,2024-12-10 11:02:46,0,0,0.0,0.0,0,0,0.0,0.0,0.0001
FTMUSDT,2024-12-10 11:02:46,0,0,0.0,0.0,0,0,0.0,0.0,0.0001
OPUSDT,2024-12-10 11:02:46,0,0,0.0,0.0,0,0,0.0,0.0,0.0001
BTCUSDT,2024-12-10 11:03:46,0,1,0.0,1069.2709499999999,56,86,5334840.4265973,4024357.3658714993,0.0001
ETHUSDT,2024-12-10 11:03:46,1,0,1373.17544,0.0,9,12,200217.73386,217546.369412,0.0001
XRPUSDT,2024-12-10 11:03:46,0,2,0.0,80.16617,4,17,70523.7607,325121.5596,0.0001
SOLUSDT,2024-12-10 11:03:46,0,0,0.0,0.0,8,3,117620.23981,41413.14753,0.0001
LINKUSDT,2024-12-10 11:03:46,0,0,0.0,0.0,2,1,25378.873,20926.0665,0.0001
ADAUSDT,2024-12-10 11:03:46,0,2,0.0,2078.2059299999996,5,20,74842.74084,303785.0161,0.0001
TRXUSDT,2024-12-10 11:03:46,0,0,0.0,0.0,3,1,61147.67577,11233.97547,0.0001
BNBUSDT,2024-12-10 11:03:46,0,0,0.0,0.0,0,5,0.0,84768.22161000001,5.372e-05
SUIUSDT,2024-12-10 11:03:46,0,0,0.0,0.0,1,0,10610.75596,0.0,-3.315e-05
HBARUSDT,2024-12-10 11:03:46,0,0,0.0,0.0,1,0,12377.019999999999,0.0,0.0001
LTCUSDT,2024-12-10 11:03:46,0,0,0.0,0.0,0,1,0.0,11102.75712,0.0001
SUSHIUSDT,2024-12-10 11:03:46,0,0,0.0,0.0,0,0,0.0,0.0,0.0001
UNIUSDT,2024-12-10 11:03:46,0,0,0.0,0.0,0,0,0.0,0.0,0.0001
AVAXUSDT,2024-12-10 11:03:46,0,0,0.0,0.0,0,3,0.0,47595.28439999999,4.766e-05
ALGOUSDT,2024-12-10 11:03:46,0,0,0.0,0.0,0,0,0.0,0.0,0.0001
ETCUSDT,2024-12-10 11:03:46,0,0,0.0,0.0,4,1,93619.89439999999,14092.430499999999,0.0001
DOTUSDT,2024-12-10 11:03:46,0,0,0.0,0.0,1,0,18188.797759999998,0.0,9.416e-05
FILUSDT,2024-12-10 11:03:46,0,0,0.0,0.0,0,1,0.0,10450.944000000001,0.0001
ARBUSDT,2024-12-10 11:03:46,0,0,0.0,0.0,2,0,24317.517620000002,0.0,0.0001
BCHUSDT,2024-12-10 11:03:46,0,0,0.0,0.0,0,0,0.0,0.0,0.0001
WLDUSDT,2024-12-10 11:03:46,0,0,0.0,0.0,0,0,0.0,0.0,-7.93e-06
CRVUSDT,2024-12-10 11:03:46,0,1,0.0,8.0784,1,0,18853.8735,0.0,0.0001
NEARUSDT,2024-12-10 11:03:46,0,0,0.0,0.0,0,0,0.0,0.0,7.641e-05
XLMUSDT,2024-12-10 11:03:46,0,0,0.0,0.0,0,0,0.0,0.0,0.0001
SANDUSDT,2024-12-10 11:03:46,0,0,0.0,0.0,1,0,10358.2547,0.0,0.0001
AAVEUSDT,2024-12-10 11:03:46,0,0,0.0,0.0,0,2,0.0,22866.24486,0.0001
RENDERUSDT,2024-12-10 11:03:46,0,0,0.0,0.0,0,0,0.0,0.0,5e-05
APTUSDT,2024-12-10 11:03:46,0,0,0.0,0.0,0,0,0.0,0.0,0.0001
FTMUSDT,2024-12-10 11:03:46,0,0,0.0,0.0,0,1,0.0,14458.0176,0.0001
OPUSDT,2024-12-10 11:03:46,0,0,0.0,0.0,0,0,0.0,0.0,0.0001
BTCUSDT,2024-12-10 11:04:46,0,0,0.0,0.0,3,15,72351.1908252,519090.8161249,0.0001
ETHUSDT,2024-12-10 11:04:46,0,0,0.0,0.0,6,14,115622.76209199999,302484.446645,0.0001
XRPUSDT,2024-12-10 11:04:46,0,0,0.0,0.0,2,5,21995.4758,83788.0801,0.0001
SOLUSDT,2024-12-10 11:04:46,0,0,0.0,0.0,1,2,12003.21434,21987.865019999997,0.0001
LINKUSDT,2024-12-10 11:04:46,0,0,0.0,0.0,1,3,11820.9002,47031.3422,0.0001
ADAUSDT,2024-12-10 11:04:46,0,0,0.0,0.0,4,0,80222.25867999998,0.0,0.0001
TRXUSDT,2024-12-10 11:04:46,0,0,0.0,0.0,1,0,11798.904939999999,0.0,0.0001
BNBUSDT,2024-12-10 11:04:46,0,0,0.0,0.0,0,0,0.0,0.0,5.372e-05
SUIUSDT,2024-12-10 11:04:46,0,0,0.0,0.0,0,0,0.0,0.0,-3.315e-05
HBARUSDT,2024-12-10 11:04:46,0,0,0.0,0.0,0,0,0.0,0.0,0.0001
LTCUSDT,2024-12-10 11:04:46,0,0,0.0,0.0,0,0,0.0,0.0,0.0001
SUSHIUSDT,2024-12-10 11:04:46,0,0,0.0,0.0,0,0,0.0,0.0,0.0001
UNIUSDT,2024-12-10 11:04:46,0,0,0.0,0.0,0,1,0.0,11023.574939999999,0.0001
AVAXUSDT,2024-12-10 11:04:46,0,0,0.0,0.0,0,1,0.0,10462.1097,4.766e-05
ALGOUSDT,2024-12-10 11:04:46,0,0,0.0,0.0,0,0,0.0,0.0,0.0001
ETCUSDT,2024-12-10 11:04:46,0,0,0.0,0.0,0,0,0.0,0.0,0.0001
DOTUSDT,2024-12-10 11:04:46,0,0,0.0,0.0,0,0,0.0,0.0,9.416e-05
FILUSDT,2024-12-10 11:04:46,0,0,0.0,0.0,0,0,0.0,0.0,0.0001
ARBUSDT,2024-12-10 11:04:46,0,0,0.0,0.0,0,1,0.0,13527.004120000001,0.0001
BCHUSDT,2024-12-10 11:04:46,0,0,0.0,0.0,0,0,0.0,0.0,0.0001
WLDUSDT,2024-12-10 11:04:46,0,0,0.0,0.0,0,0,0.0,0.0,-7.93e-06
CRVUSDT,2024-12-10 11:04:46,0,0,0.0,0.0,1,0,10615.721479999998,0.0,0.0001
NEARUSDT,2024-12-10 11:04:46,0,0,0.0,0.0,0,0,0.0,0.0,7.641e-05
XLMUSDT,2024-12-10 11:04:46,0,0,0.0,0.0,0,0,0.0,0.0,0.0001
SANDUSDT,2024-12-10 11:04:46,0,0,0.0,0.0,0,0,0.0,0.0,0.0001
AAVEUSDT,2024-12-10 11:04:46,0,0,0.0,0.0,0,0,0.0,0.0,0.0001
RENDERUSDT,2024-12-10 11:04:46,0,0,0.0,0.0,0,0,0.0,0.0,5e-05
APTUSDT,2024-12-10 11:04:46,0,0,0.0,0.0,0,0,0.0,0.0,0.0001
FTMUSDT,2024-12-10 11:04:46,0,0,0.0,0.0,0,0,0.0,0.0,0.0001
OPUSDT,2024-12-10 11:04:46,0,0,0.0,0.0,1,0,11085.547199999999,0.0,0.0001
BTCUSDT,2024-12-10 11:05:46,0,0,0.0,0.0,1,9,11553.1028241,334397.0545301,0.0001
ETHUSDT,2024-12-10 11:05:46,0,0,0.0,0.0,2,1,96567.458654,13159.019999999999,0.0001
XRPUSDT,2024-12-10 11:05:46,0,0,0.0,0.0,0,2,0.0,31208.077400000002,0.0001
SOLUSDT,2024-12-10 11:05:46,0,0,0.0,0.0,5,4,79534.28975000001,59497.670280000006,0.0001
LINKUSDT,2024-12-10 11:05:46,0,0,0.0,0.0,0,0,0.0,0.0,0.0001
ADAUSDT,2024-12-10 11:05:46,0,0,0.0,0.0,1,1,17950.70088,11740.25622,0.0001
TRXUSDT,2024-12-10 11:05:46,0,0,0.0,0.0,0,0,0.0,0.0,0.0001
BNBUSDT,2024-12-10 11:05:46,0,0,0.0,0.0,0,0,0.0,0.0,5.372e-05
SUIUSDT,2024-12-10 11:05:46,0,0,0.0,0.0,0,0,0.0,0.0,-3.315e-05
HBARUSDT,2024-12-10 11:05:46,0,0,0.0,0.0,0,0,0.0,0.0,0.0001
LTCUSDT,2024-12-10 11:05:46,0,0,0.0,0.0,0,0,0.0,0.0,0.0001
SUSHIUSDT,2024-12-10 11:05:46,0,0,0.0,0.0,0,0,0.0,0.0,0.0001
UNIUSDT,2024-12-10 11:05:46,0,0,0.0,0.0,0,0,0.0,0.0,0.0001
AVAXUSDT,2024-12-10 11:05:46,0,0,0.0,0.0,2,0,26973.5858,0.0,4.766e-05
ALGOUSDT,2024-12-10 11:05:46,0,0,0.0,0.0,0,0,0.0,0.0,0.0001
ETCUSDT,2024-12-10 11:05:46,0,0,0.0,0.0,0,0,0.0,0.0,0.0001
DOTUSDT,2024-12-10 11:05:46,0,0,0.0,0.0,0,0,0.0,0.0,9.416e-05
FILUSDT,2024-12-10 11:05:46,0,0,0.0,0.0,0,1,0.0,10093.21365,0.0001
ARBUSDT,2024-12-10 11:05:46,0,0,0.0,0.0,0,0,0.0,0.0,0.0001
BCHUSDT,2024-12-10 11:05:46,0,0,0.0,0.0,0,0,0.0,0.0,0.0001
WLDUSDT,2024-12-10 11:05:46,0,0,0.0,0.0,0,0,0.0,0.0,-7.93e-06
CRVUSDT,2024-12-10 11:05:46,0,0,0.0,0.0,0,0,0.0,0.0,0.0001
NEARUSDT,2024-12-10 11:05:46,0,0,0.0,0.0,0,0,0.0,0.0,7.641e-05
XLMUSDT,2024-12-10 11:05:46,0,0,0.0,0.0,0,1,0.0,12808.2368,0.0001
SANDUSDT,2024-12-10 11:05:46,0,0,0.0,0.0,0,0,0.0,0.0,0.0001
AAVEUSDT,2024-12-10 11:05:46,0,0,0.0,0.0,1,0,13307.622000000001,0.0,0.0001
RENDERUSDT,2024-12-10 11:05:46,0,0,0.0,0.0,0,0,0.0,0.0,5e-05
APTUSDT,2024-12-10 11:05:46,0,0,0.0,0.0,0,0,0.0,0.0,0.0001
FTMUSDT,2024-12-10 11:05:46,0,0,0.0,0.0,0,1,0.0,10233.735200000001,0.0001
OPUSDT,2024-12-10 11:05:46,0,0,0.0,0.0,0,0,0.0,0.0,0.0001
BTCUSDT,2024-12-10 11:06:46,0,0,0.0,0.0,3,18,158998.73275270002,440723.8329373,0.0001
ETHUSDT,2024-12-10 11:06:46,0,0,0.0,0.0,6,6,100388.110111,183548.375997,0.0001
XRPUSDT,2024-12-10 11:06:46,0,1,0.0,9900.548480000001,4,14,46574.84390000001,232718.87620000003,0.0001
SOLUSDT,2024-12-10 11:06:46,0,0,0.0,0.0,8,6,148059.78062,107270.69016000001,0.0001
LINKUSDT,2024-12-10 11:06:46,0,0,0.0,0.0,1,5,12667.4616,91690.20190000001,0.0001
ADAUSDT,2024-12-10 11:06:46,0,0,0.0,0.0,0,2,0.0,24266.18383,0.0001
TRXUSDT,2024-12-10 11:06:46,0,0,0.0,0.0,2,0,30800.6958,0.0,0.0001
BNBUSDT,2024-12-10 11:06:46,0,0,0.0,0.0,0,1,0.0,10143.3253,5.372e-05
SUIUSDT,2024-12-10 11:06:46,0,0,0.0,0.0,0,0,0.0,0.0,-3.315e-05
HBARUSDT,2024-12-10 11:06:46,0,0,0.0,0.0,1,0,10350.13084,0.0,0.0001
LTCUSDT,2024-12-10 11:06:46,0,0,0.0,0.0,0,1,0.0,12619.167239999999,0.0001
SUSHIUSDT,2024-12-10 11:06:46,0,1,0.0,17.2856,0,0,0.0,0.0,0.0001
UNIUSDT,2024-12-10 11:06:46,0,0,0.0,0.0,5,0,68003.02629000001,0.0,0.0001
AVAXUSDT,2024-12-10 11:06:46,0,0,0.0,0.0,0,2,0.0,25678.7678,4.766e-05
ALGOUSDT,2024-12-10 11:06:46,0,0,0.0,0.0,0,0,0.0,0.0,0.0001
ETCUSDT,2024-12-10 11:06:46,0,0,0.0,0.0,0,0,0.0,0.0,0.0001
DOTUSDT,2024-12-10 11:06:46,0,0,0.0,0.0,0,0,0.0,0.0,9.416e-05
FILUSDT,2024-12-10 11:06:46,0,0,0.0,0.0,0,0,0.0,0.0,0.0001
ARBUSDT,2024-12-10 11:06:46,0,0,0.0,0.0,0,1,0.0,10991.8,0.0001
BCHUSDT,2024-12-10 11:06:46,0,0,0.0,0.0,0,0,0.0,0.0,0.0001
WLDUSDT,2024-12-10 11:06:46,0,0,0.0,0.0,0,6,0.0,110023.98430000001,-7.93e-06
CRVUSDT,2024-12-10 11:06:46,0,1,0.0,9807.5432,2,3,46787.244000000006,41201.05134,0.0001
NEARUSDT,2024-12-10 11:06:46,0,0,0.0,0.0,0,0,0.0,0.0,7.641e-05
XLMUSDT,2024-12-10 11:06:46,0,0,0.0,0.0,0,0,0.0,0.0,0.0001
SANDUSDT,2024-12-10 11:06:46,0,0,0.0,0.0,0,0,0.0,0.0,0.0001
AAVEUSDT,2024-12-10 11:06:46,0,0,0.0,0.0,0,0,0.0,0.0,0.0001
RENDERUSDT,2024-12-10 11:06:46,0,0,0.0,0.0,0,0,0.0,0.0,5e-05
APTUSDT,2024-12-10 11:06:46,0,0,0.0,0.0,0,0,0.0,0.0,0.0001
FTMUSDT,2024-12-10 11:06:46,0,0,0.0,0.0,0,0,0.0,0.0,0.0001
OPUSDT,2024-12-10 11:06:46,0,0,0.0,0.0,0,0,0.0,0.0,0.0001
BTCUSDT,2024-12-10 11:07:46,0,0,0.0,0.0,6,5,169711.61420110002,125775.45646489998,0.0001
ETHUSDT,2024-12-10 11:07:46,0,1,0.0,37.435300000000005,6,2,127561.08603699999,30676.664882,0.0001
XRPUSDT,2024-12-10 11:07:46,0,3,0.0,8487.91803,7,20,106388.89859999999,296206.28810000006,0.0001
SOLUSDT,2024-12-10 11:07:46,0,0,0.0,0.0,5,7,70248.14441,100651.32433,0.0001
LINKUSDT,2024-12-10 11:07:46,0,2,0.0,745.63554,1,2,15798.376099999998,34524.1592,0.0001
ADAUSDT,2024-12-10 11:07:46,0,1,0.0,5.0877,2,0,21938.37541,0.0,0.0001
TRXUSDT,2024-12-10 11:07:46,0,1,0.0,8.73376,0,1,0.0,12418.3675,0.0001
BNBUSDT,2024-12-10 11:07:46,0,0,0.0,0.0,2,5,36992.65678,87242.95930999999,5.372e-05
SUIUSDT,2024-12-10 11:07:46,0,0,0.0,0.0,0,0,0.0,0.0,-3.315e-05
HBARUSDT,2024-12-10 11:07:46,0,0,0.0,0.0,0,0,0.0,0.0,0.0001
LTCUSDT,2024-12-10 11:07:46,0,1,0.0,196.41962,4,14,139944.19536,292428.26415,0.0001
SUSHIUSDT,2024-12-10 11:07:46,0,1,0.0,449.07199999999995,0,0,0.0,0.0,0.0001
UNIUSDT,2024-12-10 11:07:46,0,0,0.0,0.0,1,0,10833.45564,0.0,0.0001
AVAXUSDT,2024-12-10 11:07:46,0,0,0.0,0.0,1,0,13610.838600000001,0.0,4.766e-05
ALGOUSDT,2024-12-10 11:07:46,0,0,0.0,0.0,0,0,0.0,0.0,0.0001
ETCUSDT,2024-12-10 11:07:46,0,1,0.0,20.02048,0,0,0.0,0.0,0.0001
DOTUSDT,2024-12-10 11:07:46,0,0,0.0,0.0,0,0,0.0,0.0,9.416e-05
FILUSDT,2024-12-10 11:07:46,0,0,0.0,0.0,3,7,38920.45087,167038.08793,0.0001
ARBUSDT,2024-12-10 11:07:46,0,3,0.0,850.5224594000001,0,0,0.0,0.0,0.0001
BCHUSDT,2024-12-10 11:07:46,0,0,0.0,0.0,0,0,0.0,0.0,0.0001
WLDUSDT,2024-12-10 11:07:46,0,1,0.0,193.9167815,0,0,0.0,0.0,-7.93e-06
CRVUSDT,2024-12-10 11:07:46,0,1,0.0,34.514399999999995,0,5,0.0,63745.56431999999,0.0001
NEARUSDT,2024-12-10 11:07:46,0,0,0.0,0.0,0,0,0.0,0.0,7.641e-05
XLMUSDT,2024-12-10 11:07:46,0,0,0.0,0.0,0,0,0.0,0.0,0.0001
SANDUSDT,2024-12-10 11:07:46,0,0,0.0,0.0,0,0,0.0,0.0,0.0001
AAVEUSDT,2024-12-10 11:07:46,0,0,0.0,0.0,0,0,0.0,0.0,0.0001
RENDERUSDT,2024-12-10 11:07:46,0,0,0.0,0.0,0,0,0.0,0.0,5e-05
APTUSDT,2024-12-10 11:07:46,0,0,0.0,0.0,1,0,13166.01,0.0,0.0001
FTMUSDT,2024-12-10 11:07:46,0,0,0.0,0.0,0,0,0.0,0.0,0.0001
OPUSDT,2024-12-10 11:07:46,0,0,0.0,0.0,0,0,0.0,0.0,0.0001
BTCUSDT,2024-12-10 11:08:46,0,0,0.0,0.0,4,17,64717.3298404,421745.7106260001,0.0001
ETHUSDT,2024-12-10 11:08:46,0,0,0.0,0.0,8,8,157680.240352,130197.024981,0.0001
XRPUSDT,2024-12-10 11:08:46,0,0,0.0,0.0,0,6,0.0,110140.8256,0.0001
SOLUSDT,2024-12-10 11:08:46,0,0,0.0,0.0,5,4,71493.34041,86795.04068,0.0001
LINKUSDT,2024-12-10 11:08:46,0,0,0.0,0.0,0,3,0.0,34802.393500000006,0.0001
ADAUSDT,2024-12-10 11:08:46,0,0,0.0,0.0,1,0,11468.24728,0.0,0.0001
TRXUSDT,2024-12-10 11:08:46,0,1,0.0,96.49332,2,2,23515.866650000004,31843.31433,0.0001
BNBUSDT,2024-12-10 11:08:46,0,0,0.0,0.0,1,0,20693.9089,0.0,5.372e-05
SUIUSDT,2024-12-10 11:08:46,0,0,0.0,0.0,2,0,26493.345800000003,0.0,-3.315e-05
HBARUSDT,2024-12-10 11:08:46,0,0,0.0,0.0,0,0,0.0,0.0,0.0001
LTCUSDT,2024-12-10 11:08:46,0,1,0.0,134.96175,4,11,59552.95432999999,215692.83547999998,0.0001
SUSHIUSDT,2024-12-10 11:08:46,0,0,0.0,0.0,0,0,0.0,0.0,0.0001
UNIUSDT,2024-12-10 11:08:46,0,0,0.0,0.0,0,0,0.0,0.0,0.0001
AVAXUSDT,2024-12-10 11:08:46,0,0,0.0,0.0,0,0,0.0,0.0,4.766e-05
ALGOUSDT,2024-12-10 11:08:46,0,0,0.0,0.0,0,0,0.0,0.0,0.0001
ETCUSDT,2024-12-10 11:08:46,0,0,0.0,0.0,0,0,0.0,0.0,0.0001
DOTUSDT,2024-12-10 11:08:46,0,0,0.0,0.0,0,0,0.0,0.0,9.416e-05
FILUSDT,2024-12-10 11:08:46,0,0,0.0,0.0,0,0,0.0,0.0,0.0001
ARBUSDT,2024-12-10 11:08:46,0,0,0.0,0.0,0,0,0.0,0.0,0.0001
BCHUSDT,2024-12-10 11:08:46,0,0,0.0,0.0,0,0,0.0,0.0,0.0001
WLDUSDT,2024-12-10 11:08:46,0,0,0.0,0.0,0,1,0.0,13302.366600000001,-7.93e-06
CRVUSDT,2024-12-10 11:08:46,0,0,0.0,0.0,0,0,0.0,0.0,0.0001
NEARUSDT,2024-12-10 11:08:46,0,0,0.0,0.0,0,0,0.0,0.0,7.641e-05
XLMUSDT,2024-12-10 11:08:46,0,0,0.0,0.0,1,1,12708.2616,20398.541400000002,0.0001
SANDUSDT,2024-12-10 11:08:46,0,0,0.0,0.0,0,0,0.0,0.0,0.0001
AAVEUSDT,2024-12-10 11:08:46,0,0,0.0,0.0,0,0,0.0,0.0,0.0001
RENDERUSDT,2024-12-10 11:08:46,0,0,0.0,0.0,0,0,0.0,0.0,5e-05
APTUSDT,2024-12-10 11:08:46,0,0,0.0,0.0,0,0,0.0,0.0,0.0001
FTMUSDT,2024-12-10 11:08:46,0,0,0.0,0.0,0,0,0.0,0.0,0.0001
OPUSDT,2024-12-10 11:08:46,0,0,0.0,0.0,0,0,0.0,0.0,0.0001
BTCUSDT,2024-12-10 11:09:46,0,0,0.0,0.0,36,15,2166186.4616477,385271.475619,0.0001
ETHUSDT,2024-12-10 11:09:46,0,0,0.0,0.0,4,2,112806.406301,30281.909293999997,0.0001
XRPUSDT,2024-12-10 11:09:46,0,0,0.0,0.0,0,2,0.0,27009.782,0.0001
SOLUSDT,2024-12-10 11:09:46,0,0,0.0,0.0,5,4,67785.30481,49609.92822,0.0001
LINKUSDT,2024-12-10 11:09:46,0,0,0.0,0.0,2,2,38778.023799999995,23394.8199,0.0001
ADAUSDT,2024-12-10 11:09:46,0,0,0.0,0.0,0,1,0.0,12133.108279999999,0.0001
TRXUSDT,2024-12-10 11:09:46,0,0,0.0,0.0,0,0,0.0,0.0,0.0001
BNBUSDT,2024-12-10 11:09:46,0,0,0.0,0.0,1,1,13851.76,11790.5931,5.372e-05
SUIUSDT,2024-12-10 11:09:46,0,0,0.0,0.0,0,0,0.0,0.0,-3.315e-05
HBARUSDT,2024-12-10 11:09:46,0,0,0.0,0.0,0,0,0.0,0.0,0.0001
LTCUSDT,2024-12-10 11:09:46,0,0,0.0,0.0,1,0,15803.188519999998,0.0,0.0001
SUSHIUSDT,2024-12-10 11:09:46,0,1,0.0,105.6783,0,4,0.0,84431.8326,0.0001
UNIUSDT,2024-12-10 11:09:46,0,0,0.0,0.0,0,0,0.0,0.0,0.0001
AVAXUSDT,2024-12-10 11:09:46,0,0,0.0,0.0,0,1,0.0,11918.341600000002,4.766e-05
ALGOUSDT,2024-12-10 11:09:46,0,0,0.0,0.0,0,0,0.0,0.0,0.0001
ETCUSDT,2024-12-10 11:09:46,0,0,0.0,0.0,0,0,0.0,0.0,0.0001
DOTUSDT,2024-12-10 11:09:46,0,0,0.0,0.0,0,0,0.0,0.0,9.416e-05
FILUSDT,2024-12-10 11:09:46,0,0,0.0,0.0,1,1,13356.322560000002,18784.779,0.0001
ARBUSDT,2024-12-10 11:09:46,0,0,0.0,0.0,0,0,0.0,0.0,0.0001
BCHUSDT,2024-12-10 11:09:46,0,0,0.0,0.0,0,0,0.0,0.0,0.0001
WLDUSDT,2024-12-10 11:09:46,0,0,0.0,0.0,2,0,23741.184299999997,0.0,-7.93e-06
CRVUSDT,2024-12-10 11:09:46,0,0,0.0,0.0,0,0,0.0,0.0,0.0001
NEARUSDT,2024-12-10 11:09:46,0,0,0.0,0.0,0,0,0.0,0.0,7.641e-05
XLMUSDT,2024-12-10 11:09:46,0,0,0.0,0.0,0,0,0.0,0.0,0.0001
SANDUSDT,2024-12-10 11:09:46,0,0,0.0,0.0,0,0,0.0,0.0,0.0001
AAVEUSDT,2024-12-10 11:09:46,0,0,0.0,0.0,0,0,0.0,0.0,0.0001
RENDERUSDT,2024-12-10 11:09:46,0,0,0.0,0.0,0,0,0.0,0.0,5e-05
APTUSDT,2024-12-10 11:09:46,0,0,0.0,0.0,0,0,0.0,0.0,0.0001
FTMUSDT,2024-12-10 11:09:46,0,0,0.0,0.0,1,0,10783.8858,0.0,0.0001
OPUSDT,2024-12-10 11:09:46,0,0,0.0,0.0,0,0,0.0,0.0,0.0001
BTCUSDT,2024-12-10 11:10:46,0,0,0.0,0.0,7,12,530225.7564704,715181.2734392,0.0001
ETHUSDT,2024-12-10 11:10:46,0,0,0.0,0.0,5,2,103936.731794,26493.321078,0.0001
XRPUSDT,2024-12-10 11:10:46,0,2,0.0,6304.9542200000005,3,3,46310.430100000005,36069.11229999999,0.0001
SOLUSDT,2024-12-10 11:10:46,0,1,0.0,431.4106,2,5,71439.20206000001,68071.07313,0.0001
LINKUSDT,2024-12-10 11:10:46,0,0,0.0,0.0,0,0,0.0,0.0,0.0001
ADAUSDT,2024-12-10 11:10:46,0,1,0.0,5.08625,1,4,15451.651440000001,48971.72365,0.0001
TRXUSDT,2024-12-10 11:10:46,0,1,0.0,339.83403999999996,0,1,0.0,18171.050880000003,0.0001
BNBUSDT,2024-12-10 11:10:46,0,0,0.0,0.0,1,0,19480.3,0.0,5.372e-05
SUIUSDT,2024-12-10 11:10:46,0,0,0.0,0.0,0,1,0.0,12156.27587,-3.315e-05
HBARUSDT,2024-12-10 11:10:46,0,0,0.0,0.0,0,0,0.0,0.0,0.0001
LTCUSDT,2024-12-10 11:10:46,0,1,0.0,122.06492999999999,0,0,0.0,0.0,0.0001
SUSHIUSDT,2024-12-10 11:10:46,0,3,0.0,2638.5334000000003,0,12,0.0,233910.20809999993,0.0001
UNIUSDT,2024-12-10 11:10:46,0,0,0.0,0.0,0,0,0.0,0.0,0.0001
AVAXUSDT,2024-12-10 11:10:46,0,0,0.0,0.0,0,1,0.0,11239.7922,4.766e-05
ALGOUSDT,2024-12-10 11:10:46,0,0,0.0,0.0,0,0,0.0,0.0,0.0001
ETCUSDT,2024-12-10 11:10:46,0,1,0.0,1279.61601,0,0,0.0,0.0,0.0001
DOTUSDT,2024-12-10 11:10:46,0,1,0.0,247.73079999999996,0,0,0.0,0.0,9.416e-05
FILUSDT,2024-12-10 11:10:46,0,0,0.0,0.0,0,1,0.0,15637.75745,0.0001
ARBUSDT,2024-12-10 11:10:46,0,0,0.0,0.0,0,0,0.0,0.0,0.0001
BCHUSDT,2024-12-10 11:10:46,0,0,0.0,0.0,0,0,0.0,0.0,0.0001
WLDUSDT,2024-12-10 11:10:46,0,0,0.0,0.0,0,0,0.0,0.0,-7.93e-06
CRVUSDT,2024-12-10 11:10:46,0,0,0.0,0.0,1,1,10622.5224,43271.20293,0.0001
NEARUSDT,2024-12-10 11:10:46,0,1,0.0,133.34799999999998,0,0,0.0,0.0,7.641e-05
XLMUSDT,2024-12-10 11:10:46,0,1,0.0,3009.40943,0,0,0.0,0.0,0.0001
SANDUSDT,2024-12-10 11:10:46,0,1,0.0,2580.37986,0,0,0.0,0.0,0.0001
AAVEUSDT,2024-12-10 11:10:46,0,0,0.0,0.0,0,2,0.0,51803.149999999994,0.0001
RENDERUSDT,2024-12-10 11:10:46,0,0,0.0,0.0,0,0,0.0,0.0,5e-05
APTUSDT,2024-12-10 11:10:46,0,0,0.0,0.0,0,0,0.0,0.0,0.0001
FTMUSDT,2024-12-10 11:10:46,0,0,0.0,0.0,0,0,0.0,0.0,0.0001
OPUSDT,2024-12-10 11:10:46,0,0,0.0,0.0,0,0,0.0,0.0,0.0001
BTCUSDT,2024-12-10 11:11:46,0,0,0.0,0.0,5,4,118144.7064292,69394.0812708,0.0001
ETHUSDT,2024-12-10 11:11:46,0,0,0.0,0.0,3,4,149588.90555899998,57568.976195999996,0.0001
XRPUSDT,2024-12-10 11:11:46,0,0,0.0,0.0,0,2,0.0,37495.8693,0.0001
SOLUSDT,2024-12-10 11:11:46,0,0,0.0,0.0,1,1,20460.77145,11450.81336,0.0001
LINKUSDT,2024-12-10 11:11:46,0,0,0.0,0.0,0,2,0.0,25093.074699999997,0.0001
ADAUSDT,2024-12-10 11:11:46,0,0,0.0,0.0,0,1,0.0,10948.8449,0.0001
TRXUSDT,2024-12-10 11:11:46,0,0,0.0,0.0,0,0,0.0,0.0,0.0001
BNBUSDT,2024-12-10 11:11:46,0,0,0.0,0.0,1,1,16667.3088,12004.87076,5.372e-05
SUIUSDT,2024-12-10 11:11:46,0,0,0.0,0.0,0,0,0.0,0.0,-3.315e-05
HBARUSDT,2024-12-10 11:11:46,0,0,0.0,0.0,0,0,0.0,0.0,0.0001
LTCUSDT,2024-12-10 11:11:46,0,0,0.0,0.0,0,1,0.0,10598.95924,0.0001
SUSHIUSDT,2024-12-10 11:11:46,0,1,0.0,576.0450000000001,0,3,0.0,59045.33039999999,0.0001
UNIUSDT,2024-12-10 11:11:46,0,0,0.0,0.0,0,0,0.0,0.0,0.0001
AVAXUSDT,2024-12-10 11:11:46,0,0,0.0,0.0,0,0,0.0,0.0,4.766e-05
ALGOUSDT,2024-12-10 11:11:46,0,0,0.0,0.0,0,0,0.0,0.0,0.0001
ETCUSDT,2024-12-10 11:11:46,0,0,0.0,0.0,0,1,0.0,11802.003999999999,0.0001
DOTUSDT,2024-12-10 11:11:46,0,0,0.0,0.0,0,0,0.0,0.0,9.416e-05
FILUSDT,2024-12-10 11:11:46,0,0,0.0,0.0,0,0,0.0,0.0,0.0001
ARBUSDT,2024-12-10 11:11:46,0,0,0.0,0.0,0,0,0.0,0.0,0.0001
BCHUSDT,2024-12-10 11:11:46,0,0,0.0,0.0,0,0,0.0,0.0,0.0001
WLDUSDT,2024-12-10 11:11:46,0,0,0.0,0.0,1,0,11043.088,0.0,-7.93e-06
CRVUSDT,2024-12-10 11:11:46,0,0,0.0,0.0,0,1,0.0,18580.45428,0.0001
NEARUSDT,2024-12-10 11:11:46,0,0,0.0,0.0,0,0,0.0,0.0,7.641e-05
XLMUSDT,2024-12-10 11:11:46,0,0,0.0,0.0,0,5,0.0,91691.8841,0.0001
SANDUSDT,2024-12-10 11:11:46,0,0,0.0,0.0,0,0,0.0,0.0,0.0001
AAVEUSDT,2024-12-10 11:11:46,0,1,0.0,1451.5644,0,0,0.0,0.0,0.0001
RENDERUSDT,2024-12-10 11:11:46,0,0,0.0,0.0,0,0,0.0,0.0,5e-05
APTUSDT,2024-12-10 11:11:46,0,0,0.0,0.0,1,0,11890.0,0.0,0.0001
FTMUSDT,2024-12-10 11:11:46,0,0,0.0,0.0,0,0,0.0,0.0,0.0001
OPUSDT,2024-12-10 11:11:46,0,0,0.0,0.0,0,0,0.0,0.0,0.0001
BTCUSDT,2024-12-10 11:12:46,0,0,0.0,0.0,11,48,201934.83297040002,1954986.7864693003,0.0001
ETHUSDT,2024-12-10 11:12:46,0,0,0.0,0.0,4,10,123855.28812,205227.90908699998,0.0001
XRPUSDT,2024-12-10 11:12:46,0,0,0.0,0.0,4,3,46008.0062,35887.417199999996,0.0001
SOLUSDT,2024-12-10 11:12:46,0,0,0.0,0.0,11,6,209409.62811000002,104769.47494,0.0001
LINKUSDT,2024-12-10 11:12:46,0,0,0.0,0.0,0,3,0.0,43035.30469999999,0.0001
ADAUSDT,2024-12-10 11:12:46,0,0,0.0,0.0,6,4,130952.69957999999,47575.01327999999,0.0001
TRXUSDT,2024-12-10 11:12:46,0,1,0.0,51.449580000000005,1,2,14832.4694,42779.166450000004,0.0001
BNBUSDT,2024-12-10 11:12:46,0,0,0.0,0.0,0,1,0.0,17096.1978,5.372e-05
SUIUSDT,2024-12-10 11:12:46,0,0,0.0,0.0,0,0,0.0,0.0,-3.315e-05
HBARUSDT,2024-12-10 11:12:46,0,0,0.0,0.0,0,0,0.0,0.0,0.0001
LTCUSDT,2024-12-10 11:12:46,0,1,0.0,141.4256,0,1,0.0,11494.1268,0.0001
SUSHIUSDT,2024-12-10 11:12:46,0,1,0.0,8.5144,0,0,0.0,0.0,0.0001
UNIUSDT,2024-12-10 11:12:46,0,0,0.0,0.0,0,0,0.0,0.0,0.0001
AVAXUSDT,2024-12-10 11:12:46,0,0,0.0,0.0,0,1,0.0,26825.148999999998,4.766e-05
ALGOUSDT,2024-12-10 11:12:46,0,0,0.0,0.0,0,0,0.0,0.0,0.0001
ETCUSDT,2024-12-10 11:12:46,0,0,0.0,0.0,0,0,0.0,0.0,0.0001
DOTUSDT,2024-12-10 11:12:46,0,0,0.0,0.0,0,0,0.0,0.0,9.416e-05
FILUSDT,2024-12-10 11:12:46,0,0,0.0,0.0,0,0,0.0,0.0,0.0001
ARBUSDT,2024-12-10 11:12:46,0,0,0.0,0.0,0,0,0.0,0.0,0.0001
BCHUSDT,2024-12-10 11:12:46,0,1,0.0,178.2726,0,0,0.0,0.0,0.0001
WLDUSDT,2024-12-10 11:12:46,0,0,0.0,0.0,1,0,12391.6338,0.0,-7.93e-06
CRVUSDT,2024-12-10 11:12:46,0,0,0.0,0.0,0,3,0.0,144539.38572,0.0001
NEARUSDT,2024-12-10 11:12:46,0,0,0.0,0.0,0,0,0.0,0.0,7.641e-05
XLMUSDT,2024-12-10 11:12:46,0,0,0.0,0.0,0,0,0.0,0.0,0.0001
SANDUSDT,2024-12-10 11:12:46,0,1,0.0,108.69564,0,0,0.0,0.0,0.0001
AAVEUSDT,2024-12-10 11:12:46,0,0,0.0,0.0,0,0,0.0,0.0,0.0001
RENDERUSDT,2024-12-10 11:12:46,0,0,0.0,0.0,0,0,0.0,0.0,5e-05
APTUSDT,2024-12-10 11:12:46,0,0,0.0,0.0,0,2,0.0,30371.7678,0.0001
FTMUSDT,2024-12-10 11:12:46,0,1,0.0,2435.939219,0,0,0.0,0.0,0.0001
OPUSDT,2024-12-10 11:12:46,0,0,0.0,0.0,0,0,0.0,0.0,0.0001
BTCUSDT,2024-12-10 11:13:46,0,0,0.0,0.0,5,11,81933.87382529999,353739.9123085,0.0001
ETHUSDT,2024-12-10 11:13:46,0,1,0.0,2240.51757,5,5,140240.31469600002,82801.888717,0.0001
XRPUSDT,2024-12-10 11:13:46,0,5,0.0,4957.57271,3,10,37383.658,170911.5683,0.0001
SOLUSDT,2024-12-10 11:13:46,0,0,0.0,0.0,7,2,157157.0392,25790.00718,0.0001
LINKUSDT,2024-12-10 11:13:46,0,2,0.0,2905.12534,1,2,10816.7488,39583.5791,0.0001
ADAUSDT,2024-12-10 11:13:46,0,2,0.0,598.7076099999999,2,2,29936.76541,27592.51956,0.0001
TRXUSDT,2024-12-10 11:13:46,0,0,0.0,0.0,1,0,30160.334159999995,0.0,0.0001
BNBUSDT,2024-12-10 11:13:46,0,0,0.0,0.0,2,3,28495.807769999996,95427.10894,5.372e-05
SUIUSDT,2024-12-10 11:13:46,0,1,0.0,870.4354873999999,0,0,0.0,0.0,-3.315e-05
HBARUSDT,2024-12-10 11:13:46,0,0,0.0,0.0,0,0,0.0,0.0,0.0001
LTCUSDT,2024-12-10 11:13:46,0,4,0.0,21364.232299999996,4,13,80831.69012,232290.61296000006,0.0001
SUSHIUSDT,2024-12-10 11:13:46,0,0,0.0,0.0,0,0,0.0,0.0,0.0001
UNIUSDT,2024-12-10 11:13:46,0,0,0.0,0.0,0,0,0.0,0.0,0.0001
AVAXUSDT,2024-12-10 11:13:46,0,0,0.0,0.0,3,3,90298.81219999999,37249.7093,4.766e-05
ALGOUSDT,2024-12-10 11:13:46,0,0,0.0,0.0,0,0,0.0,0.0,0.0001
ETCUSDT,2024-12-10 11:13:46,0,0,0.0,0.0,1,0,10889.232899999999,0.0,0.0001
DOTUSDT,2024-12-10 11:13:46,0,0,0.0,0.0,0,0,0.0,0.0,9.416e-05
FILUSDT,2024-12-10 11:13:46,0,1,0.0,3613.23,0,1,0.0,14971.86816,0.0001
ARBUSDT,2024-12-10 11:13:46,0,1,0.0,353.76152160000004,0,0,0.0,0.0,0.0001
BCHUSDT,2024-12-10 11:13:46,0,1,0.0,1114.3565999999998,0,0,0.0,0.0,0.0001
WLDUSDT,2024-12-10 11:13:46,0,1,0.0,942.8857928,0,0,0.0,0.0,-7.93e-06
CRVUSDT,2024-12-10 11:13:46,0,2,0.0,51316.44990000001,0,6,0.0,90910.42988999998,0.0001
NEARUSDT,2024-12-10 11:13:46,0,0,0.0,0.0,0,0,0.0,0.0,7.641e-05
XLMUSDT,2024-12-10 11:13:46,0,1,0.0,11.52312,0,0,0.0,0.0,0.0001
SANDUSDT,2024-12-10 11:13:46,0,0,0.0,0.0,0,0,0.0,0.0,0.0001
AAVEUSDT,2024-12-10 11:13:46,0,0,0.0,0.0,0,2,0.0,89679.384,0.0001
RENDERUSDT,2024-12-10 11:13:46,0,0,0.0,0.0,0,0,0.0,0.0,5e-05
APTUSDT,2024-12-10 11:13:46,0,1,0.0,637.061175,0,0,0.0,0.0,0.0001
FTMUSDT,2024-12-10 11:13:46,0,0,0.0,0.0,0,0,0.0,0.0,0.0001
OPUSDT,2024-12-10 11:13:46,0,0,0.0,0.0,0,0,0.0,0.0,0.0001
BTCUSDT,2024-12-10 11:14:46,0,0,0.0,0.0,17,89,1652374.4491764,2856647.8254747996,0.0001
ETHUSDT,2024-12-10 11:14:46,0,1,0.0,508.63184000000007,4,9,129742.575301,204003.576627,0.0001
XRPUSDT,2024-12-10 11:14:46,0,0,0.0,0.0,8,4,112258.47780000001,60955.913100000005,0.0001
SOLUSDT,2024-12-10 11:14:46,0,0,0.0,0.0,9,6,162900.68732000003,99359.87956999999,0.0001
LINKUSDT,2024-12-10 11:14:46,0,0,0.0,0.0,1,1,16359.921000000002,17205.3168,0.0001
ADAUSDT,2024-12-10 11:14:46,0,0,0.0,0.0,1,2,10820.533080000001,32672.610959999998,0.0001
TRXUSDT,2024-12-10 11:14:46,0,0,0.0,0.0,3,1,49339.14637,12544.26612,0.0001
BNBUSDT,2024-12-10 11:14:46,0,0,0.0,0.0,2,1,52253.59792,13112.8773,5.372e-05
SUIUSDT,2024-12-10 11:14:46,0,0,0.0,0.0,0,0,0.0,0.0,-3.315e-05
HBARUSDT,2024-12-10 11:14:46,0,0,0.0,0.0,0,0,0.0,0.0,0.0001
LTCUSDT,2024-12-10 11:14:46,0,4,0.0,11377.19621,0,1,0.0,11955.69109,0.0001
SUSHIUSDT,2024-12-10 11:14:46,0,0,0.0,0.0,0,0,0.0,0.0,0.0001
UNIUSDT,2024-12-10 11:14:46,0,0,0.0,0.0,0,0,0.0,0.0,0.0001
AVAXUSDT,2024-12-10 11:14:46,0,0,0.0,0.0,1,0,11659.3956,0.0,4.766e-05
ALGOUSDT,2024-12-10 11:14:46,0,0,0.0,0.0,0,0,0.0,0.0,0.0001
ETCUSDT,2024-12-10 11:14:46,0,0,0.0,0.0,0,0,0.0,0.0,0.0001
DOTUSDT,2024-12-10 11:14:46,0,0,0.0,0.0,0,0,0.0,0.0,9.416e-05
FILUSDT,2024-12-10 11:14:46,0,0,0.0,0.0,0,1,0.0,12259.79172,0.0001
ARBUSDT,2024-12-10 11:14:46,0,0,0.0,0.0,0,0,0.0,0.0,0.0001
BCHUSDT,2024-12-10 11:14:46,0,0,0.0,0.0,1,1,14167.880000000001,10852.2999,0.0001
WLDUSDT,2024-12-10 11:14:46,0,1,0.0,220.25804,0,0,0.0,0.0,-7.93e-06
CRVUSDT,2024-12-10 11:14:46,0,0,0.0,0.0,0,0,0.0,0.0,0.0001
NEARUSDT,2024-12-10 11:14:46,0,1,0.0,604.6586,0,1,0.0,11969.9268,7.641e-05
XLMUSDT,2024-12-10 11:14:46,0,0,0.0,0.0,0,0,0.0,0.0,0.0001
SANDUSDT,2024-12-10 11:14:46,0,0,0.0,0.0,0,0,0.0,0.0,0.0001
AAVEUSDT,2024-12-10 11:14:46,0,0,0.0,0.0,1,0,10804.634399999999,0.0,0.0001
RENDERUSDT,2024-12-10 11:14:46,0,0,0.0,0.0,0,0,0.0,0.0,5e-05
APTUSDT,2024-12-10 11:14:46,0,1,0.0,254.427509,0,1,0.0,12205.5,0.0001
FTMUSDT,2024-12-10 11:14:46,0,0,0.0,0.0,0,0,0.0,0.0,0.0001
OPUSDT,2024-12-10 11:14:46,0,0,0.0,0.0,0,0,0.0,0.0,0.0001
BTCUSDT,2024-12-10 11:15:46,0,0,0.0,0.0,3,12,60942.7963599,271321.0255819,0.0001
ETHUSDT,2024-12-10 11:15:46,0,1,0.0,314.12052000000006,2,3,61956.813205000006,72521.709225,0.0001
XRPUSDT,2024-12-10 11:15:46,0,1,0.0,827.7336600000001,6,12,159475.2447,266561.2366,0.0001
SOLUSDT,2024-12-10 11:15:46,0,1,0.0,215.4339,3,2,47173.248900000006,22973.865550000002,0.0001
LINKUSDT,2024-12-10 11:15:46,0,0,0.0,0.0,0,0,0.0,0.0,0.0001
ADAUSDT,2024-12-10 11:15:46,0,1,0.0,48.73104000000001,0,6,0.0,80678.39292,0.0001
TRXUSDT,2024-12-10 11:15:46,0,0,0.0,0.0,0,0,0.0,0.0,0.0001
BNBUSDT,2024-12-10 11:15:46,0,0,0.0,0.0,0,0,0.0,0.0,5.372e-05
SUIUSDT,2024-12-10 11:15:46,0,0,0.0,0.0,0,0,0.0,0.0,-3.315e-05
HBARUSDT,2024-12-10 11:15:46,0,0,0.0,0.0,0,1,0.0,96017.47419000001,0.0001
LTCUSDT,2024-12-10 11:15:46,0,0,0.0,0.0,1,1,12122.891959999999,11426.090040000001,0.0001
SUSHIUSDT,2024-12-10 11:15:46,0,0,0.0,0.0,0,0,0.0,0.0,0.0001
UNIUSDT,2024-12-10 11:15:46,0,0,0.0,0.0,0,0,0.0,0.0,0.0001
AVAXUSDT,2024-12-10 11:15:46,0,0,0.0,0.0,0,0,0.0,0.0,4.766e-05
ALGOUSDT,2024-12-10 11:15:46,0,0,0.0,0.0,0,0,0.0,0.0,0.0001
ETCUSDT,2024-12-10 11:15:46,0,0,0.0,0.0,1,3,16176.071999999998,43530.763699999996,0.0001
DOTUSDT,2024-12-10 11:15:46,0,1,0.0,34.2,0,0,0.0,0.0,9.416e-05
FILUSDT,2024-12-10 11:15:46,0,0,0.0,0.0,0,3,0.0,34234.11528,0.0001
ARBUSDT,2024-12-10 11:15:46,0,0,0.0,0.0,0,0,0.0,0.0,0.0001
BCHUSDT,2024-12-10 11:15:46,0,0,0.0,0.0,0,0,0.0,0.0,0.0001
WLDUSDT,2024-12-10 11:15:46,0,0,0.0,0.0,1,0,16044.814,0.0,-7.93e-06
CRVUSDT,2024-12-10 11:15:46,0,0,0.0,0.0,0,1,0.0,23050.933930000003,0.0001
NEARUSDT,2024-12-10 11:15:46,0,0,0.0,0.0,0,0,0.0,0.0,7.641e-05
XLMUSDT,2024-12-10 11:15:46,0,0,0.0,0.0,0,0,0.0,0.0,0.0001
SANDUSDT,2024-12-10 11:15:46,0,0,0.0,0.0,0,0,0.0,0.0,0.0001
AAVEUSDT,2024-12-10 11:15:46,0,0,0.0,0.0,0,1,0.0,24359.21262,0.0001
RENDERUSDT,2024-12-10 11:15:46,0,0,0.0,0.0,0,0,0.0,0.0,5e-05
APTUSDT,2024-12-10 11:15:46,0,0,0.0,0.0,0,0,0.0,0.0,0.0001
FTMUSDT,2024-12-10 11:15:46,0,0,0.0,0.0,0,0,0.0,0.0,0.0001
OPUSDT,2024-12-10 11:15:46,0,0,0.0,0.0,0,0,0.0,0.0,0.0001
BTCUSDT,2024-12-10 11:16:46,0,0,0.0,0.0,1,24,22934.5077945,517274.8881219,0.0001
ETHUSDT,2024-12-10 11:16:46,0,2,0.0,1188.75102,37,22,390161.45343399973,599385.7102890001,0.0001
XRPUSDT,2024-12-10 11:16:46,0,7,0.0,3417.9123800000007,3,14,37889.1028,257159.64370000002,0.0001
SOLUSDT,2024-12-10 11:16:46,0,0,0.0,0.0,4,7,68686.14017,97841.25901,0.0001
LINKUSDT,2024-12-10 11:16:46,0,1,0.0,73.21114999999999,1,2,17253.5919,52571.7022,0.0001
ADAUSDT,2024-12-10 11:16:46,0,2,0.0,2962.20803,3,1,53992.59879999999,17660.994000000002,0.0001
TRXUSDT,2024-12-10 11:16:46,0,4,0.0,9320.32516,3,2,37259.43607,34447.26986,0.0001
BNBUSDT,2024-12-10 11:16:46,0,0,0.0,0.0,4,2,59637.17435,32879.00576,5.372e-05
SUIUSDT,2024-12-10 11:16:46,0,0,0.0,0.0,0,1,0.0,12473.063040000001,-3.315e-05
HBARUSDT,2024-12-10 11:16:46,0,0,0.0,0.0,0,3,0.0,175053.12578,0.0001
LTCUSDT,2024-12-10 11:16:46,0,1,0.0,1039.83165,0,1,0.0,11364.85482,0.0001
SUSHIUSDT,2024-12-10 11:16:46,0,0,0.0,0.0,0,0,0.0,0.0,0.0001
UNIUSDT,2024-12-10 11:16:46,0,1,0.0,31.847,0,0,0.0,0.0,0.0001
AVAXUSDT,2024-12-10 11:16:46,0,1,0.0,913.4399999999999,0,0,0.0,0.0,4.766e-05
ALGOUSDT,2024-12-10 11:16:46,0,0,0.0,0.0,1,0,11943.4095,0.0,0.0001
ETCUSDT,2024-12-10 11:16:46,0,2,0.0,1276.42038,0,2,0.0,29028.759299999998,0.0001
DOTUSDT,2024-12-10 11:16:46,0,1,0.0,41.8215,0,0,0.0,0.0,9.416e-05
FILUSDT,2024-12-10 11:16:46,0,3,0.0,4999.6473000000005,0,0,0.0,0.0,0.0001
ARBUSDT,2024-12-10 11:16:46,0,0,0.0,0.0,0,1,0.0,16188.457139999999,0.0001
BCHUSDT,2024-12-10 11:16:46,0,1,0.0,643.10116,0,0,0.0,0.0,0.0001
WLDUSDT,2024-12-10 11:16:46,0,2,0.0,582.3098492,0,0,0.0,0.0,-7.93e-06
CRVUSDT,2024-12-10 11:16:46,0,0,0.0,0.0,1,5,13083.48808,66590.40789,0.0001
NEARUSDT,2024-12-10 11:16:46,0,2,0.0,4262.793100000001,0,0,0.0,0.0,7.641e-05
XLMUSDT,2024-12-10 11:16:46,0,1,0.0,117.16919999999999,0,0,0.0,0.0,0.0001
SANDUSDT,2024-12-10 11:16:46,0,0,0.0,0.0,0,0,0.0,0.0,0.0001
AAVEUSDT,2024-12-10 11:16:46,0,1,0.0,1306.2569,0,1,0.0,16609.0554,0.0001
RENDERUSDT,2024-12-10 11:16:46,0,0,0.0,0.0,0,0,0.0,0.0,5e-05
APTUSDT,2024-12-10 11:16:46,0,0,0.0,0.0,0,0,0.0,0.0,0.0001
FTMUSDT,2024-12-10 11:16:46,0,0,0.0,0.0,1,0,11640.267,0.0,0.0001
OPUSDT,2024-12-10 11:16:46,0,0,0.0,0.0,0,0,0.0,0.0,0.0001
BTCUSDT,2024-12-10 11:17:46,0,0,0.0,0.0,8,19,191795.24712880002,456928.48765499995,0.0001
ETHUSDT,2024-12-10 11:17:46,0,5,0.0,3761.49858,15,32,420492.21835299995,969112.1394189999,0.0001
XRPUSDT,2024-12-10 11:17:46,0,5,0.0,1176.67155,19,9,316276.312,134563.68720000001,0.0001
SOLUSDT,2024-12-10 11:17:46,0,1,0.0,215.0517,4,3,69419.08449,41885.44301,0.0001
LINKUSDT,2024-12-10 11:17:46,0,1,0.0,530.40351,2,1,21715.974000000002,15263.258,0.0001
ADAUSDT,2024-12-10 11:17:46,0,5,0.0,29452.782830000004,3,7,56358.82369,146895.71252,0.0001
TRXUSDT,2024-12-10 11:17:46,0,1,0.0,93.4122,5,5,179515.56109999996,63841.292539999995,0.0001
BNBUSDT,2024-12-10 11:17:46,0,1,0.0,34.7405,1,10,12141.881699999998,247500.41355,5.372e-05
SUIUSDT,2024-12-10 11:17:46,0,1,0.0,35.107843800000005,0,0,0.0,0.0,-3.315e-05
HBARUSDT,2024-12-10 11:17:46,0,0,0.0,0.0,1,0,33366.254,0.0,0.0001
LTCUSDT,2024-12-10 11:17:46,0,1,0.0,43.586400000000005,2,2,26357.0853,20735.354919999998,0.0001
SUSHIUSDT,2024-12-10 11:17:46,0,0,0.0,0.0,0,0,0.0,0.0,0.0001
UNIUSDT,2024-12-10 11:17:46,0,0,0.0,0.0,0,0,0.0,0.0,0.0001
AVAXUSDT,2024-12-10 11:17:46,0,1,0.0,775.7236,0,0,0.0,0.0,4.766e-05
ALGOUSDT,2024-12-10 11:17:46,0,0,0.0,0.0,0,0,0.0,0.0,0.0001
ETCUSDT,2024-12-10 11:17:46,0,0,0.0,0.0,0,0,0.0,0.0,0.0001
DOTUSDT,2024-12-10 11:17:46,0,0,0.0,0.0,0,0,0.0,0.0,9.416e-05
FILUSDT,2024-12-10 11:17:46,0,0,0.0,0.0,0,0,0.0,0.0,0.0001
ARBUSDT,2024-12-10 11:17:46,0,1,0.0,5.908908,0,0,0.0,0.0,0.0001
BCHUSDT,2024-12-10 11:17:46,0,1,0.0,536.82,0,0,0.0,0.0,0.0001
WLDUSDT,2024-12-10 11:17:46,0,0,0.0,0.0,4,2,55413.432100000005,38031.0064,-7.93e-06
CRVUSDT,2024-12-10 11:17:46,1,0,212.4733,0.0,0,0,0.0,0.0,0.0001
NEARUSDT,2024-12-10 11:17:46,0,2,0.0,12411.0925,0,1,0.0,13963.47,7.641e-05
XLMUSDT,2024-12-10 11:17:46,0,0,0.0,0.0,0,0,0.0,0.0,0.0001
SANDUSDT,2024-12-10 11:17:46,0,0,0.0,0.0,0,1,0.0,21199.388,0.0001
AAVEUSDT,2024-12-10 11:17:46,0,0,0.0,0.0,1,0,10219.982789999998,0.0,0.0001
RENDERUSDT,2024-12-10 11:17:46,0,0,0.0,0.0,0,0,0.0,0.0,5e-05
APTUSDT,2024-12-10 11:17:46,0,1,0.0,24.565527,1,0,12203.1549,0.0,0.0001
FTMUSDT,2024-12-10 11:17:46,0,0,0.0,0.0,0,0,0.0,0.0,0.0001
OPUSDT,2024-12-10 11:17:46,0,0,0.0,0.0,1,2,18435.64383,50743.48934,0.0001
BTCUSDT,2024-12-10 11:18:46,0,0,0.0,0.0,19,16,585927.5870554,547623.5913518999,0.0001
ETHUSDT,2024-12-10 11:18:46,0,0,0.0,0.0,11,5,315492.524886,167507.93944500003,0.0001
XRPUSDT,2024-12-10 11:18:46,0,0,0.0,0.0,7,6,102903.0583,101112.375,0.0001
SOLUSDT,2024-12-10 11:18:46,0,0,0.0,0.0,5,5,105295.12771,97056.54140999999,0.0001
LINKUSDT,2024-12-10 11:18:46,0,0,0.0,0.0,0,0,0.0,0.0,0.0001
ADAUSDT,2024-12-10 11:18:46,0,0,0.0,0.0,7,2,196052.06063999998,27130.502529999998,0.0001
TRXUSDT,2024-12-10 11:18:46,0,0,0.0,0.0,0,1,0.0,11910.84685,0.0001
BNBUSDT,2024-12-10 11:18:46,0,0,0.0,0.0,4,0,72678.31187,0.0,5.372e-05
SUIUSDT,2024-12-10 11:18:46,0,0,0.0,0.0,0,1,0.0,10236.15438,-3.315e-05
HBARUSDT,2024-12-10 11:18:46,0,0,0.0,0.0,0,2,0.0,75891.50183999998,0.0001
LTCUSDT,2024-12-10 11:18:46,0,0,0.0,0.0,6,1,92246.60797000001,11123.14038,0.0001
SUSHIUSDT,2024-12-10 11:18:46,0,0,0.0,0.0,0,1,0.0,12255.269499999999,0.0001
UNIUSDT,2024-12-10 11:18:46,0,0,0.0,0.0,0,0,0.0,0.0,0.0001
AVAXUSDT,2024-12-10 11:18:46,0,0,0.0,0.0,0,0,0.0,0.0,4.766e-05
ALGOUSDT,2024-12-10 11:18:46,0,0,0.0,0.0,0,0,0.0,0.0,0.0001
ETCUSDT,2024-12-10 11:18:46,0,0,0.0,0.0,0,0,0.0,0.0,0.0001
DOTUSDT,2024-12-10 11:18:46,0,0,0.0,0.0,0,0,0.0,0.0,9.416e-05
FILUSDT,2024-12-10 11:18:46,0,0,0.0,0.0,0,0,0.0,0.0,0.0001
ARBUSDT,2024-12-10 11:18:46,0,0,0.0,0.0,0,0,0.0,0.0,0.0001
BCHUSDT,2024-12-10 11:18:46,0,0,0.0,0.0,0,0,0.0,0.0,0.0001
WLDUSDT,2024-12-10 11:18:46,0,0,0.0,0.0,0,0,0.0,0.0,-7.93e-06
CRVUSDT,2024-12-10 11:18:46,0,0,0.0,0.0,0,2,0.0,46417.85138,0.0001
NEARUSDT,2024-12-10 11:18:46,0,0,0.0,0.0,0,0,0.0,0.0,7.641e-05
XLMUSDT,2024-12-10 11:18:46,0,0,0.0,0.0,3,0,34879.7637,0.0,0.0001
SANDUSDT,2024-12-10 11:18:46,0,0,0.0,0.0,1,0,10637.029,0.0,0.0001
AAVEUSDT,2024-12-10 11:18:46,0,0,0.0,0.0,3,0,49661.90255,0.0,0.0001
RENDERUSDT,2024-12-10 11:18:46,0,0,0.0,0.0,0,0,0.0,0.0,5e-05
APTUSDT,2024-12-10 11:18:46,0,0,0.0,0.0,0,0,0.0,0.0,0.0001
FTMUSDT,2024-12-10 11:18:46,0,1,0.0,208.053342,0,0,0.0,0.0,0.0001
OPUSDT,2024-12-10 11:18:46,0,0,0.0,0.0,0,0,0.0,0.0,0.0001
BTCUSDT,2024-12-10 11:19:46,0,0,0.0,0.0,2,21,139792.4427198,735763.3531594,0.0001
ETHUSDT,2024-12-10 11:19:46,0,0,0.0,0.0,1,10,30016.0,258225.840507,0.0001
XRPUSDT,2024-12-10 11:19:46,0,0,0.0,0.0,6,4,102812.87719999999,62294.3314,0.0001
SOLUSDT,2024-12-10 11:19:46,0,0,0.0,0.0,5,4,101726.01164,55497.785619999995,0.0001
LINKUSDT,2024-12-10 11:19:46,0,0,0.0,0.0,2,0,30097.8068,0.0,0.0001
ADAUSDT,2024-12-10 11:19:46,0,0,0.0,0.0,1,2,11098.545919999999,28458.14908,0.0001
TRXUSDT,2024-12-10 11:19:46,0,0,0.0,0.0,0,1,0.0,21917.695800000005,0.0001
BNBUSDT,2024-12-10 11:19:46,0,0,0.0,0.0,0,0,0.0,0.0,5.372e-05
SUIUSDT,2024-12-10 11:19:46,0,0,0.0,0.0,0,0,0.0,0.0,-3.315e-05
HBARUSDT,2024-12-10 11:19:46,0,0,0.0,0.0,0,0,0.0,0.0,0.0001
LTCUSDT,2024-12-10 11:19:46,0,0,0.0,0.0,0,1,0.0,11627.11638,0.0001
SUSHIUSDT,2024-12-10 11:19:46,0,0,0.0,0.0,0,0,0.0,0.0,0.0001
UNIUSDT,2024-12-10 11:19:46,0,0,0.0,0.0,0,0,0.0,0.0,0.0001
AVAXUSDT,2024-12-10 11:19:46,0,0,0.0,0.0,0,0,0.0,0.0,4.766e-05
ALGOUSDT,2024-12-10 11:19:46,0,0,0.0,0.0,0,0,0.0,0.0,0.0001
ETCUSDT,2024-12-10 11:19:46,0,0,0.0,0.0,0,0,0.0,0.0,0.0001
DOTUSDT,2024-12-10 11:19:46,0,0,0.0,0.0,0,0,0.0,0.0,9.416e-05
FILUSDT,2024-12-10 11:19:46,0,0,0.0,0.0,0,0,0.0,0.0,0.0001
ARBUSDT,2024-12-10 11:19:46,0,0,0.0,0.0,0,0,0.0,0.0,0.0001
BCHUSDT,2024-12-10 11:19:46,0,0,0.0,0.0,0,0,0.0,0.0,0.0001
WLDUSDT,2024-12-10 11:19:46,0,0,0.0,0.0,0,0,0.0,0.0,-7.93e-06
CRVUSDT,2024-12-10 11:19:46,0,0,0.0,0.0,0,0,0.0,0.0,0.0001
NEARUSDT,2024-12-10 11:19:46,0,0,0.0,0.0,0,0,0.0,0.0,7.641e-05
XLMUSDT,2024-12-10 11:19:46,0,0,0.0,0.0,0,0,0.0,0.0,0.0001
SANDUSDT,2024-12-10 11:19:46,0,0,0.0,0.0,0,0,0.0,0.0,0.0001
AAVEUSDT,2024-12-10 11:19:46,0,0,0.0,0.0,1,0,28211.960000000003,0.0,0.0001
RENDERUSDT,2024-12-10 11:19:46,0,0,0.0,0.0,0,0,0.0,0.0,5e-05
APTUSDT,2024-12-10 11:19:46,0,0,0.0,0.0,0,0,0.0,0.0,0.0001
FTMUSDT,2024-12-10 11:19:46,0,0,0.0,0.0,0,0,0.0,0.0,0.0001
OPUSDT,2024-12-10 11:19:46,0,0,0.0,0.0,0,1,0.0,10736.916199999998,0.0001
BTCUSDT,2024-12-10 11:20:46,0,0,0.0,0.0,7,19,116671.0197426,760023.7358136004,0.0001
ETHUSDT,2024-12-10 11:20:46,0,0,0.0,0.0,2,11,24175.886199,243736.17382599995,0.0001
XRPUSDT,2024-12-10 11:20:46,0,0,0.0,0.0,10,5,237887.79630000005,98992.5135,0.0001
SOLUSDT,2024-12-10 11:20:46,0,0,0.0,0.0,4,6,47029.843680000005,102039.57556999999,0.0001
LINKUSDT,2024-12-10 11:20:46,0,0,0.0,0.0,1,0,23663.4718,0.0,0.0001
ADAUSDT,2024-12-10 11:20:46,0,0,0.0,0.0,2,4,45216.481629999995,70076.83112,0.0001
TRXUSDT,2024-12-10 11:20:46,0,0,0.0,0.0,2,0,29773.62315,0.0,0.0001
BNBUSDT,2024-12-10 11:20:46,0,0,0.0,0.0,4,2,126515.56587,42451.701929999996,5.372e-05
SUIUSDT,2024-12-10 11:20:46,0,0,0.0,0.0,0,0,0.0,0.0,-3.315e-05
HBARUSDT,2024-12-10 11:20:46,0,0,0.0,0.0,0,0,0.0,0.0,0.0001
LTCUSDT,2024-12-10 11:20:46,0,0,0.0,0.0,0,0,0.0,0.0,0.0001
SUSHIUSDT,2024-12-10 11:20:46,0,0,0.0,0.0,0,0,0.0,0.0,0.0001
UNIUSDT,2024-12-10 11:20:46,0,0,0.0,0.0,0,0,0.0,0.0,0.0001
AVAXUSDT,2024-12-10 11:20:46,0,0,0.0,0.0,0,0,0.0,0.0,4.766e-05
ALGOUSDT,2024-12-10 11:20:46,0,0,0.0,0.0,0,0,0.0,0.0,0.0001
ETCUSDT,2024-12-10 11:20:46,0,0,0.0,0.0,2,2,26286.6745,27849.801,0.0001
DOTUSDT,2024-12-10 11:20:46,0,0,0.0,0.0,1,0,11035.20048,0.0,9.416e-05
FILUSDT,2024-12-10 11:20:46,0,0,0.0,0.0,0,0,0.0,0.0,0.0001
ARBUSDT,2024-12-10 11:20:46,0,0,0.0,0.0,4,1,64881.35619,25489.94862,0.0001
BCHUSDT,2024-12-10 11:20:46,0,0,0.0,0.0,0,0,0.0,0.0,0.0001
WLDUSDT,2024-12-10 11:20:46,0,0,0.0,0.0,0,2,0.0,48825.46889999999,-7.93e-06
CRVUSDT,2024-12-10 11:20:46,0,0,0.0,0.0,1,0,11781.5779,0.0,0.0001
NEARUSDT,2024-12-10 11:20:46,0,0,0.0,0.0,0,0,0.0,0.0,7.641e-05
XLMUSDT,2024-12-10 11:20:46,0,0,0.0,0.0,0,0,0.0,0.0,0.0001
SANDUSDT,2024-12-10 11:20:46,0,0,0.0,0.0,0,0,0.0,0.0,0.0001
AAVEUSDT,2024-12-10 11:20:46,0,0,0.0,0.0,2,0,31420.21974,0.0,0.0001
RENDERUSDT,2024-12-10 11:20:46,0,0,0.0,0.0,0,0,0.0,0.0,5e-05
APTUSDT,2024-12-10 11:20:46,0,0,0.0,0.0,0,0,0.0,0.0,0.0001
FTMUSDT,2024-12-10 11:20:46,0,0,0.0,0.0,0,0,0.0,0.0,0.0001
OPUSDT,2024-12-10 11:20:46,0,0,0.0,0.0,0,0,0.0,0.0,0.0001
BTCUSDT,2024-12-10 11:21:46,0,0,0.0,0.0,10,6,164125.2347491,133724.40684039998,0.0001
ETHUSDT,2024-12-10 11:21:46,0,0,0.0,0.0,12,6,262440.71189800004,108683.58077100001,0.0001
XRPUSDT,2024-12-10 11:21:46,0,0,0.0,0.0,6,4,94355.91159999999,60559.3376,0.0001
SOLUSDT,2024-12-10 11:21:46,0,0,0.0,0.0,6,1,86507.13182,38738.59042,0.0001
LINKUSDT,2024-12-10 11:21:46,0,0,0.0,0.0,0,0,0.0,0.0,0.0001
ADAUSDT,2024-12-10 11:21:46,0,0,0.0,0.0,2,0,24489.580260000002,0.0,0.0001
TRXUSDT,2024-12-10 11:21:46,0,0,0.0,0.0,3,0,50790.987460000004,0.0,0.0001
BNBUSDT,2024-12-10 11:21:46,0,0,0.0,0.0,3,0,31943.85109,0.0,5.372e-05
SUIUSDT,2024-12-10 11:21:46,0,0,0.0,0.0,0,0,0.0,0.0,-3.315e-05
HBARUSDT,2024-12-10 11:21:46,2,0,922.1399399999999,0.0,2,5,21237.67796,82214.80415,0.0001
LTCUSDT,2024-12-10 11:21:46,0,0,0.0,0.0,0,0,0.0,0.0,0.0001
SUSHIUSDT,2024-12-10 11:21:46,0,0,0.0,0.0,1,1,10029.523,12614.782499999998,0.0001
UNIUSDT,2024-12-10 11:21:46,0,0,0.0,0.0,0,0,0.0,0.0,0.0001
AVAXUSDT,2024-12-10 11:21:46,0,0,0.0,0.0,0,0,0.0,0.0,4.766e-05
ALGOUSDT,2024-12-10 11:21:46,0,0,0.0,0.0,0,0,0.0,0.0,0.0001
ETCUSDT,2024-12-10 11:21:46,0,0,0.0,0.0,0,0,0.0,0.0,0.0001
DOTUSDT,2024-12-10 11:21:46,0,0,0.0,0.0,0,0,0.0,0.0,9.416e-05
FILUSDT,2024-12-10 11:21:46,0,0,0.0,0.0,0,0,0.0,0.0,0.0001
ARBUSDT,2024-12-10 11:21:46,0,0,0.0,0.0,0,0,0.0,0.0,0.0001
BCHUSDT,2024-12-10 11:21:46,0,0,0.0,0.0,0,0,0.0,0.0,0.0001
WLDUSDT,2024-12-10 11:21:46,0,0,0.0,0.0,0,0,0.0,0.0,-7.93e-06
CRVUSDT,2024-12-10 11:21:46,0,0,0.0,0.0,0,0,0.0,0.0,0.0001
NEARUSDT,2024-12-10 11:21:46,0,0,0.0,0.0,0,0,0.0,0.0,7.641e-05
XLMUSDT,2024-12-10 11:21:46,0,0,0.0,0.0,0,0,0.0,0.0,0.0001
SANDUSDT,2024-12-10 11:21:46,0,0,0.0,0.0,0,0,0.0,0.0,0.0001
AAVEUSDT,2024-12-10 11:21:46,0,0,0.0,0.0,0,0,0.0,0.0,0.0001
RENDERUSDT,2024-12-10 11:21:46,0,0,0.0,0.0,0,0,0.0,0.0,5e-05
APTUSDT,2024-12-10 11:21:46,0,0,0.0,0.0,0,0,0.0,0.0,0.0001
FTMUSDT,2024-12-10 11:21:46,0,0,0.0,0.0,0,0,0.0,0.0,0.0001
OPUSDT,2024-12-10 11:21:46,0,0,0.0,0.0,0,0,0.0,0.0,0.0001
BTCUSDT,2024-12-10 11:22:46,0,0,0.0,0.0,4,3,324158.8449164,145752.95626220002,0.0001
ETHUSDT,2024-12-10 11:22:46,0,0,0.0,0.0,2,2,136475.751024,30459.216924,0.0001
XRPUSDT,2024-12-10 11:22:46,0,0,0.0,0.0,0,0,0.0,0.0,0.0001
SOLUSDT,2024-12-10 11:22:46,0,0,0.0,0.0,2,5,45524.83801000001,85456.95968,0.0001
LINKUSDT,2024-12-10 11:22:46,0,0,0.0,0.0,0,0,0.0,0.0,0.0001
ADAUSDT,2024-12-10 11:22:46,0,0,0.0,0.0,1,0,32257.126399999997,0.0,0.0001
TRXUSDT,2024-12-10 11:22:46,0,0,0.0,0.0,1,0,14878.643309999998,0.0,0.0001
BNBUSDT,2024-12-10 11:22:46,0,0,0.0,0.0,2,1,56275.14169999999,56029.00113999999,5.372e-05
SUIUSDT,2024-12-10 11:22:46,0,0,0.0,0.0,0,0,0.0,0.0,-3.315e-05
HBARUSDT,2024-12-10 11:22:46,0,0,0.0,0.0,1,1,11125.42222,10591.23456,0.0001
LTCUSDT,2024-12-10 11:22:46,0,0,0.0,0.0,0,0,0.0,0.0,0.0001
SUSHIUSDT,2024-12-10 11:22:46,0,0,0.0,0.0,0,0,0.0,0.0,0.0001
UNIUSDT,2024-12-10 11:22:46,0,0,0.0,0.0,0,0,0.0,0.0,0.0001
AVAXUSDT,2024-12-10 11:22:46,0,0,0.0,0.0,0,0,0.0,0.0,4.766e-05
ALGOUSDT,2024-12-10 11:22:46,0,0,0.0,0.0,0,0,0.0,0.0,0.0001
ETCUSDT,2024-12-10 11:22:46,0,0,0.0,0.0,0,0,0.0,0.0,0.0001
DOTUSDT,2024-12-10 11:22:46,0,0,0.0,0.0,0,0,0.0,0.0,9.416e-05
FILUSDT,2024-12-10 11:22:46,0,0,0.0,0.0,0,0,0.0,0.0,0.0001
ARBUSDT,2024-12-10 11:22:46,0,0,0.0,0.0,0,0,0.0,0.0,0.0001
BCHUSDT,2024-12-10 11:22:46,0,0,0.0,0.0,0,0,0.0,0.0,0.0001
WLDUSDT,2024-12-10 11:22:46,0,0,0.0,0.0,0,0,0.0,0.0,-7.93e-06
CRVUSDT,2024-12-10 11:22:46,0,0,0.0,0.0,0,0,0.0,0.0,0.0001
NEARUSDT,2024-12-10 11:22:46,0,0,0.0,0.0,0,0,0.0,0.0,7.641e-05
XLMUSDT,2024-12-10 11:22:46,0,0,0.0,0.0,1,0,13649.3275,0.0,0.0001
SANDUSDT,2024-12-10 11:22:46,0,0,0.0,0.0,0,0,0.0,0.0,0.0001
AAVEUSDT,2024-12-10 11:22:46,1,0,740.2278,0.0,0,0,0.0,0.0,0.0001
RENDERUSDT,2024-12-10 11:22:46,0,0,0.0,0.0,0,0,0.0,0.0,5e-05
APTUSDT,2024-12-10 11:22:46,0,0,0.0,0.0,0,0,0.0,0.0,0.0001
FTMUSDT,2024-12-10 11:22:46,0,0,0.0,0.0,0,0,0.0,0.0,0.0001
OPUSDT,2024-12-10 11:22:46,0,0,0.0,0.0,0,0,0.0,0.0,0.0001
BTCUSDT,2024-12-10 11:23:46,0,0,0.0,0.0,3,4,43778.7426534,136064.0416398,0.0001
ETHUSDT,2024-12-10 11:23:46,0,0,0.0,0.0,3,10,165699.44987399998,573809.52226,0.0001
XRPUSDT,2024-12-10 11:23:46,0,0,0.0,0.0,2,4,43017.724799999996,73800.2202,0.0001
SOLUSDT,2024-12-10 11:23:46,0,0,0.0,0.0,8,2,167411.06585,35513.29686,0.0001
LINKUSDT,2024-12-10 11:23:46,0,0,0.0,0.0,0,1,0.0,10627.959200000001,0.0001
ADAUSDT,2024-12-10 11:23:46,0,0,0.0,0.0,2,1,25206.65565,14375.400599999999,0.0001
TRXUSDT,2024-12-10 11:23:46,0,0,0.0,0.0,1,2,13013.13288,24340.68556,0.0001
BNBUSDT,2024-12-10 11:23:46,0,0,0.0,0.0,0,1,0.0,13306.697,5.372e-05
SUIUSDT,2024-12-10 11:23:46,0,0,0.0,0.0,0,0,0.0,0.0,-3.315e-05
HBARUSDT,2024-12-10 11:23:46,0,0,0.0,0.0,0,0,0.0,0.0,0.0001
LTCUSDT,2024-12-10 11:23:46,0,0,0.0,0.0,0,0,0.0,0.0,0.0001
SUSHIUSDT,2024-12-10 11:23:46,0,0,0.0,0.0,0,0,0.0,0.0,0.0001
UNIUSDT,2024-12-10 11:23:46,0,0,0.0,0.0,0,0,0.0,0.0,0.0001
AVAXUSDT,2024-12-10 11:23:46,0,0,0.0,0.0,0,0,0.0,0.0,4.766e-05
ALGOUSDT,2024-12-10 11:23:46,0,0,0.0,0.0,0,0,0.0,0.0,0.0001
ETCUSDT,2024-12-10 11:23:46,0,0,0.0,0.0,0,0,0.0,0.0,0.0001
DOTUSDT,2024-12-10 11:23:46,0,0,0.0,0.0,0,0,0.0,0.0,9.416e-05
FILUSDT,2024-12-10 11:23:46,0,0,0.0,0.0,0,0,0.0,0.0,0.0001
ARBUSDT,2024-12-10 11:23:46,0,0,0.0,0.0,0,0,0.0,0.0,0.0001
BCHUSDT,2024-12-10 11:23:46,0,0,0.0,0.0,0,0,0.0,0.0,0.0001
WLDUSDT,2024-12-10 11:23:46,0,0,0.0,0.0,0,0,0.0,0.0,-7.93e-06
CRVUSDT,2024-12-10 11:23:46,0,0,0.0,0.0,0,1,0.0,10366.741,0.0001
NEARUSDT,2024-12-10 11:23:46,0,0,0.0,0.0,0,0,0.0,0.0,7.641e-05
XLMUSDT,2024-12-10 11:23:46,0,0,0.0,0.0,0,0,0.0,0.0,0.0001
SANDUSDT,2024-12-10 11:23:46,0,0,0.0,0.0,0,0,0.0,0.0,0.0001
AAVEUSDT,2024-12-10 11:23:46,0,0,0.0,0.0,0,0,0.0,0.0,0.0001
RENDERUSDT,2024-12-10 11:23:46,0,0,0.0,0.0,0,0,0.0,0.0,5e-05
APTUSDT,2024-12-10 11:23:46,0,0,0.0,0.0,1,0,15144.1488,0.0,0.0001
FTMUSDT,2024-12-10 11:23:46,0,0,0.0,0.0,0,0,0.0,0.0,0.0001
OPUSDT,2024-12-10 11:23:46,0,0,0.0,0.0,0,1,0.0,11402.150000000001,0.0001
BTCUSDT,2024-12-10 11:24:46,0,0,0.0,0.0,0,8,0.0,272353.0014297,0.0001
ETHUSDT,2024-12-10 11:24:46,0,0,0.0,0.0,1,9,16460.222174000002,339617.901716,0.0001
XRPUSDT,2024-12-10 11:24:46,0,0,0.0,0.0,0,8,0.0,135250.5475,0.0001
SOLUSDT,2024-12-10 11:24:46,0,0,0.0,0.0,2,4,28872.354399999997,71507.78798,0.0001
LINKUSDT,2024-12-10 11:24:46,0,0,0.0,0.0,0,0,0.0,0.0,0.0001
ADAUSDT,2024-12-10 11:24:46,0,0,0.0,0.0,1,5,13117.10316,90921.66866,0.0001
TRXUSDT,2024-12-10 11:24:46,0,0,0.0,0.0,2,1,27598.40564,25370.14598,0.0001
BNBUSDT,2024-12-10 11:24:46,0,0,0.0,0.0,1,0,18894.500399999997,0.0,5.372e-05
SUIUSDT,2024-12-10 11:24:46,0,0,0.0,0.0,0,0,0.0,0.0,-3.315e-05
HBARUSDT,2024-12-10 11:24:46,0,0,0.0,0.0,1,0,12251.67648,0.0,0.0001
LTCUSDT,2024-12-10 11:24:46,0,0,0.0,0.0,0,0,0.0,0.0,0.0001
SUSHIUSDT,2024-12-10 11:24:46,0,0,0.0,0.0,0,0,0.0,0.0,0.0001
UNIUSDT,2024-12-10 11:24:46,0,0,0.0,0.0,0,0,0.0,0.0,0.0001
AVAXUSDT,2024-12-10 11:24:46,0,0,0.0,0.0,1,0,21034.7646,0.0,4.766e-05
ALGOUSDT,2024-12-10 11:24:46,0,0,0.0,0.0,0,0,0.0,0.0,0.0001
ETCUSDT,2024-12-10 11:24:46,0,0,0.0,0.0,0,0,0.0,0.0,0.0001
DOTUSDT,2024-12-10 11:24:46,0,0,0.0,0.0,0,1,0.0,10860.7687,9.416e-05
FILUSDT,2024-12-10 11:24:46,0,0,0.0,0.0,0,0,0.0,0.0,0.0001
ARBUSDT,2024-12-10 11:24:46,0,0,0.0,0.0,1,0,14911.084170000002,0.0,0.0001
BCHUSDT,2024-12-10 11:24:46,0,0,0.0,0.0,0,0,0.0,0.0,0.0001
WLDUSDT,2024-12-10 11:24:46,0,0,0.0,0.0,0,0,0.0,0.0,-7.93e-06
CRVUSDT,2024-12-10 11:24:46,0,0,0.0,0.0,0,0,0.0,0.0,0.0001
NEARUSDT,2024-12-10 11:24:46,0,0,0.0,0.0,0,0,0.0,0.0,7.641e-05
XLMUSDT,2024-12-10 11:24:46,0,0,0.0,0.0,1,0,11092.1373,0.0,0.0001
SANDUSDT,2024-12-10 11:24:46,0,0,0.0,0.0,0,0,0.0,0.0,0.0001
AAVEUSDT,2024-12-10 11:24:46,0,0,0.0,0.0,0,0,0.0,0.0,0.0001
RENDERUSDT,2024-12-10 11:24:46,0,0,0.0,0.0,0,0,0.0,0.0,5e-05
APTUSDT,2024-12-10 11:24:46,0,0,0.0,0.0,1,0,25432.465399999997,0.0,0.0001
FTMUSDT,2024-12-10 11:24:46,0,0,0.0,0.0,0,0,0.0,0.0,0.0001
OPUSDT,2024-12-10 11:24:46,0,0,0.0,0.0,0,0,0.0,0.0,0.0001
BTCUSDT,2024-12-10 11:25:46,0,0,0.0,0.0,17,8,471296.01702989993,282618.0873124,0.0001
ETHUSDT,2024-12-10 11:25:46,0,0,0.0,0.0,8,4,222192.86325999998,49574.802123,0.0001
XRPUSDT,2024-12-10 11:25:46,1,0,99.69131999999999,0.0,1,3,11747.16,36833.424,0.0001
SOLUSDT,2024-12-10 11:25:46,0,0,0.0,0.0,4,3,54523.45368,44965.93307,0.0001
LINKUSDT,2024-12-10 11:25:46,0,0,0.0,0.0,0,0,0.0,0.0,0.0001
ADAUSDT,2024-12-10 11:25:46,0,0,0.0,0.0,1,0,27997.179,0.0,0.0001
TRXUSDT,2024-12-10 11:25:46,0,0,0.0,0.0,0,2,0.0,46264.44890999999,0.0001
BNBUSDT,2024-12-10 11:25:46,0,0,0.0,0.0,1,1,21777.06063,17494.62657,5.372e-05
SUIUSDT,2024-12-10 11:25:46,0,0,0.0,0.0,0,0,0.0,0.0,-3.315e-05
HBARUSDT,2024-12-10 11:25:46,0,0,0.0,0.0,0,0,0.0,0.0,0.0001
LTCUSDT,2024-12-10 11:25:46,0,0,0.0,0.0,0,0,0.0,0.0,0.0001
SUSHIUSDT,2024-12-10 11:25:46,0,0,0.0,0.0,0,0,0.0,0.0,0.0001
UNIUSDT,2024-12-10 11:25:46,0,0,0.0,0.0,0,0,0.0,0.0,0.0001
AVAXUSDT,2024-12-10 11:25:46,0,0,0.0,0.0,12,2,202336.79840000003,30077.420400000003,4.766e-05
ALGOUSDT,2024-12-10 11:25:46,0,0,0.0,0.0,0,0,0.0,0.0,0.0001
ETCUSDT,2024-12-10 11:25:46,0,0,0.0,0.0,0,0,0.0,0.0,0.0001
DOTUSDT,2024-12-10 11:25:46,0,0,0.0,0.0,0,0,0.0,0.0,9.416e-05
FILUSDT,2024-12-10 11:25:46,0,0,0.0,0.0,1,0,18767.37114,0.0,0.0001
ARBUSDT,2024-12-10 11:25:46,0,0,0.0,0.0,2,1,30234.42675,10927.376940000002,0.0001
BCHUSDT,2024-12-10 11:25:46,0,0,0.0,0.0,0,0,0.0,0.0,0.0001
WLDUSDT,2024-12-10 11:25:46,0,0,0.0,0.0,1,1,12036.0,16742.6753,-7.93e-06
CRVUSDT,2024-12-10 11:25:46,0,0,0.0,0.0,1,0,15704.56468,0.0,0.0001
NEARUSDT,2024-12-10 11:25:46,0,0,0.0,0.0,0,0,0.0,0.0,7.641e-05
XLMUSDT,2024-12-10 11:25:46,0,0,0.0,0.0,0,0,0.0,0.0,0.0001
SANDUSDT,2024-12-10 11:25:46,0,0,0.0,0.0,0,0,0.0,0.0,0.0001
AAVEUSDT,2024-12-10 11:25:46,0,0,0.0,0.0,0,0,0.0,0.0,0.0001
RENDERUSDT,2024-12-10 11:25:46,0,0,0.0,0.0,0,0,0.0,0.0,5e-05
APTUSDT,2024-12-10 11:25:46,0,0,0.0,0.0,0,0,0.0,0.0,0.0001
FTMUSDT,2024-12-10 11:25:46,0,0,0.0,0.0,0,0,0.0,0.0,0.0001
OPUSDT,2024-12-10 11:25:46,0,0,0.0,0.0,0,0,0.0,0.0,0.0001
BTCUSDT,2024-12-10 11:26:46,0,0,0.0,0.0,8,24,197954.50024859997,577510.5365586999,0.0001
ETHUSDT,2024-12-10 11:26:46,0,0,0.0,0.0,6,2,111743.62510399999,23364.441,0.0001
XRPUSDT,2024-12-10 11:26:46,0,0,0.0,0.0,7,3,108740.38059999999,61300.0043,0.0001
SOLUSDT,2024-12-10 11:26:46,0,0,0.0,0.0,5,6,108019.25345999999,89603.17388,0.0001
LINKUSDT,2024-12-10 11:26:46,0,0,0.0,0.0,0,1,0.0,29166.1526,0.0001
ADAUSDT,2024-12-10 11:26:46,0,0,0.0,0.0,4,0,57456.65108,0.0,0.0001
TRXUSDT,2024-12-10 11:26:46,0,0,0.0,0.0,2,0,23837.59306,0.0,0.0001
BNBUSDT,2024-12-10 11:26:46,0,0,0.0,0.0,0,2,0.0,20719.45762,5.372e-05
SUIUSDT,2024-12-10 11:26:46,0,0,0.0,0.0,0,0,0.0,0.0,-3.315e-05
HBARUSDT,2024-12-10 11:26:46,0,0,0.0,0.0,2,0,21729.63721,0.0,0.0001
LTCUSDT,2024-12-10 11:26:46,0,0,0.0,0.0,1,0,11116.0136,0.0,0.0001
SUSHIUSDT,2024-12-10 11:26:46,0,0,0.0,0.0,0,0,0.0,0.0,0.0001
UNIUSDT,2024-12-10 11:26:46,0,0,0.0,0.0,0,0,0.0,0.0,0.0001
AVAXUSDT,2024-12-10 11:26:46,0,0,0.0,0.0,2,3,43239.9256,40666.2204,4.766e-05
ALGOUSDT,2024-12-10 11:26:46,0,0,0.0,0.0,0,0,0.0,0.0,0.0001
ETCUSDT,2024-12-10 11:26:46,0,0,0.0,0.0,1,1,15040.6602,11359.0455,0.0001
DOTUSDT,2024-12-10 11:26:46,0,0,0.0,0.0,2,0,24136.63007,0.0,9.416e-05
FILUSDT,2024-12-10 11:26:46,0,0,0.0,0.0,0,0,0.0,0.0,0.0001
ARBUSDT,2024-12-10 11:26:46,0,0,0.0,0.0,0,0,0.0,0.0,0.0001
BCHUSDT,2024-12-10 11:26:46,0,0,0.0,0.0,0,0,0.0,0.0,0.0001
WLDUSDT,2024-12-10 11:26:46,0,0,0.0,0.0,0,0,0.0,0.0,-7.93e-06
CRVUSDT,2024-12-10 11:26:46,0,0,0.0,0.0,0,1,0.0,10583.5224,0.0001
NEARUSDT,2024-12-10 11:26:46,0,0,0.0,0.0,0,0,0.0,0.0,7.641e-05
XLMUSDT,2024-12-10 11:26:46,0,0,0.0,0.0,0,0,0.0,0.0,0.0001
SANDUSDT,2024-12-10 11:26:46,0,0,0.0,0.0,0,0,0.0,0.0,0.0001
AAVEUSDT,2024-12-10 11:26:46,2,0,1606.0108,0.0,0,0,0.0,0.0,0.0001
RENDERUSDT,2024-12-10 11:26:46,0,0,0.0,0.0,0,0,0.0,0.0,5e-05
APTUSDT,2024-12-10 11:26:46,0,0,0.0,0.0,0,0,0.0,0.0,0.0001
FTMUSDT,2024-12-10 11:26:46,0,0,0.0,0.0,0,0,0.0,0.0,0.0001
OPUSDT,2024-12-10 11:26:46,0,0,0.0,0.0,0,0,0.0,0.0,0.0001
BTCUSDT,2024-12-10 11:27:46,0,0,0.0,0.0,4,2,76140.6635638,26135.241839399998,0.0001
ETHUSDT,2024-12-10 11:27:46,0,0,0.0,0.0,1,4,48626.104008,263219.67571700003,0.0001
XRPUSDT,2024-12-10 11:27:46,1,0,540.45978,0.0,1,4,18893.404899999998,64443.5711,0.0001
SOLUSDT,2024-12-10 11:27:46,0,0,0.0,0.0,8,1,145542.66069000002,14986.62488,0.0001
LINKUSDT,2024-12-10 11:27:46,0,0,0.0,0.0,1,4,12148.239599999999,99677.633,0.0001
ADAUSDT,2024-12-10 11:27:46,0,0,0.0,0.0,0,0,0.0,0.0,0.0001
TRXUSDT,2024-12-10 11:27:46,0,0,0.0,0.0,2,0,25362.25488,0.0,0.0001
BNBUSDT,2024-12-10 11:27:46,0,0,0.0,0.0,5,0,144724.87782999998,0.0,5.372e-05
SUIUSDT,2024-12-10 11:27:46,0,0,0.0,0.0,1,0,16070.376120000003,0.0,-3.315e-05
HBARUSDT,2024-12-10 11:27:46,0,0,0.0,0.0,11,0,211583.65417000002,0.0,0.0001
LTCUSDT,2024-12-10 11:27:46,0,0,0.0,0.0,0,3,0.0,32479.937250000003,0.0001
SUSHIUSDT,2024-12-10 11:27:46,0,0,0.0,0.0,0,0,0.0,0.0,0.0001
UNIUSDT,2024-12-10 11:27:46,0,0,0.0,0.0,0,0,0.0,0.0,0.0001
AVAXUSDT,2024-12-10 11:27:46,0,0,0.0,0.0,1,0,24252.473700000002,0.0,4.766e-05
ALGOUSDT,2024-12-10 11:27:46,0,0,0.0,0.0,0,0,0.0,0.0,0.0001
ETCUSDT,2024-12-10 11:27:46,0,0,0.0,0.0,0,0,0.0,0.0,0.0001
DOTUSDT,2024-12-10 11:27:46,0,0,0.0,0.0,0,0,0.0,0.0,9.416e-05
FILUSDT,2024-12-10 11:27:46,0,0,0.0,0.0,0,0,0.0,0.0,0.0001
ARBUSDT,2024-12-10 11:27:46,0,0,0.0,0.0,2,0,24561.09597,0.0,0.0001
BCHUSDT,2024-12-10 11:27:46,0,0,0.0,0.0,0,0,0.0,0.0,0.0001
WLDUSDT,2024-12-10 11:27:46,0,0,0.0,0.0,1,0,23233.4912,0.0,-7.93e-06
CRVUSDT,2024-12-10 11:27:46,0,0,0.0,0.0,0,0,0.0,0.0,0.0001
NEARUSDT,2024-12-10 11:27:46,0,0,0.0,0.0,0,0,0.0,0.0,7.641e-05
XLMUSDT,2024-12-10 11:27:46,0,0,0.0,0.0,0,0,0.0,0.0,0.0001
SANDUSDT,2024-12-10 11:27:46,0,0,0.0,0.0,0,0,0.0,0.0,0.0001
AAVEUSDT,2024-12-10 11:27:46,0,0,0.0,0.0,0,0,0.0,0.0,0.0001
RENDERUSDT,2024-12-10 11:27:46,0,0,0.0,0.0,0,0,0.0,0.0,5e-05
APTUSDT,2024-12-10 11:27:46,0,0,0.0,0.0,0,0,0.0,0.0,0.0001
FTMUSDT,2024-12-10 11:27:46,0,0,0.0,0.0,0,0,0.0,0.0,0.0001
OPUSDT,2024-12-10 11:27:46,0,0,0.0,0.0,0,0,0.0,0.0,0.0001
BTCUSDT,2024-12-10 11:28:46,0,0,0.0,0.0,8,7,167294.0260973,317606.1811982,0.0001
ETHUSDT,2024-12-10 11:28:46,1,0,43823.988,0.0,4,3,191453.43383300002,74824.42355600001,0.0001
XRPUSDT,2024-12-10 11:28:46,3,0,1510.82781,0.0,2,8,26139.5982,132475.6904,0.0001
SOLUSDT,2024-12-10 11:28:46,0,0,0.0,0.0,6,2,102058.67811000001,32697.57385,0.0001
LINKUSDT,2024-12-10 11:28:46,2,0,477.35228000000006,0.0,40,2,924491.2317000002,30441.008800000003,0.0001
ADAUSDT,2024-12-10 11:28:46,0,0,0.0,0.0,2,0,35672.70436,0.0,0.0001
TRXUSDT,2024-12-10 11:28:46,2,0,116.91481999999999,0.0,5,1,126594.60754999999,10532.30017,0.0001
BNBUSDT,2024-12-10 11:28:46,0,0,0.0,0.0,1,0,16723.83024,0.0,5.372e-05
SUIUSDT,2024-12-10 11:28:46,1,0,412.0783525,0.0,0,0,0.0,0.0,-3.315e-05
HBARUSDT,2024-12-10 11:28:46,1,0,5.13434,0.0,1,0,11990.350260000001,0.0,0.0001
LTCUSDT,2024-12-10 11:28:46,0,0,0.0,0.0,7,1,94944.94074999998,12964.0835,0.0001
SUSHIUSDT,2024-12-10 11:28:46,1,0,8.9164,0.0,2,0,30103.1517,0.0,0.0001
UNIUSDT,2024-12-10 11:28:46,0,0,0.0,0.0,0,0,0.0,0.0,0.0001
AVAXUSDT,2024-12-10 11:28:46,0,0,0.0,0.0,0,0,0.0,0.0,4.766e-05
ALGOUSDT,2024-12-10 11:28:46,0,0,0.0,0.0,0,0,0.0,0.0,0.0001
ETCUSDT,2024-12-10 11:28:46,0,0,0.0,0.0,0,1,0.0,10470.3649,0.0001
DOTUSDT,2024-12-10 11:28:46,1,0,8868.478000000001,0.0,5,0,151232.86833,0.0,9.416e-05
FILUSDT,2024-12-10 11:28:46,0,0,0.0,0.0,0,0,0.0,0.0,0.0001
ARBUSDT,2024-12-10 11:28:46,0,0,0.0,0.0,0,0,0.0,0.0,0.0001
BCHUSDT,2024-12-10 11:28:46,0,0,0.0,0.0,0,0,0.0,0.0,0.0001
WLDUSDT,2024-12-10 11:28:46,0,0,0.0,0.0,2,0,49955.8005,0.0,-7.93e-06
CRVUSDT,2024-12-10 11:28:46,0,0,0.0,0.0,1,0,19353.10208,0.0,0.0001
NEARUSDT,2024-12-10 11:28:46,0,0,0.0,0.0,0,0,0.0,0.0,7.641e-05
XLMUSDT,2024-12-10 11:28:46,0,0,0.0,0.0,1,0,12302.100400000001,0.0,0.0001
SANDUSDT,2024-12-10 11:28:46,0,0,0.0,0.0,0,0,0.0,0.0,0.0001
AAVEUSDT,2024-12-10 11:28:46,0,0,0.0,0.0,0,0,0.0,0.0,0.0001
RENDERUSDT,2024-12-10 11:28:46,1,0,43.49014368,0.0,0,0,0.0,0.0,5e-05
APTUSDT,2024-12-10 11:28:46,0,0,0.0,0.0,0,1,0.0,14470.281,0.0001
FTMUSDT,2024-12-10 11:28:46,0,0,0.0,0.0,0,0,0.0,0.0,0.0001
OPUSDT,2024-12-10 11:28:46,0,0,0.0,0.0,0,0,0.0,0.0,0.0001
BTCUSDT,2024-12-10 11:29:46,0,0,0.0,0.0,4,6,113426.3650465,214106.8896719,0.0001
ETHUSDT,2024-12-10 11:29:46,0,0,0.0,0.0,0,4,0.0,107618.14674499999,0.0001
XRPUSDT,2024-12-10 11:29:46,0,0,0.0,0.0,1,2,29399.229199999998,42244.7803,0.0001
SOLUSDT,2024-12-10 11:29:46,0,0,0.0,0.0,2,4,26270.328329999997,52836.00292,0.0001
LINKUSDT,2024-12-10 11:29:46,0,0,0.0,0.0,0,0,0.0,0.0,0.0001
ADAUSDT,2024-12-10 11:29:46,0,0,0.0,0.0,0,0,0.0,0.0,0.0001
TRXUSDT,2024-12-10 11:29:46,0,0,0.0,0.0,2,3,27638.47349,77118.00886,0.0001
BNBUSDT,2024-12-10 11:29:46,0,0,0.0,0.0,0,0,0.0,0.0,5.372e-05
SUIUSDT,2024-12-10 11:29:46,0,0,0.0,0.0,0,0,0.0,0.0,-3.315e-05
HBARUSDT,2024-12-10 11:29:46,0,0,0.0,0.0,1,1,10993.7465,11681.3985,0.0001
LTCUSDT,2024-12-10 11:29:46,0,0,0.0,0.0,0,4,0.0,80275.99486,0.0001
SUSHIUSDT,2024-12-10 11:29:46,0,0,0.0,0.0,0,1,0.0,11746.789200000001,0.0001
UNIUSDT,2024-12-10 11:29:46,0,0,0.0,0.0,0,0,0.0,0.0,0.0001
AVAXUSDT,2024-12-10 11:29:46,0,0,0.0,0.0,0,1,0.0,19960.816,4.766e-05
ALGOUSDT,2024-12-10 11:29:46,0,0,0.0,0.0,0,0,0.0,0.0,0.0001
ETCUSDT,2024-12-10 11:29:46,0,0,0.0,0.0,0,0,0.0,0.0,0.0001
DOTUSDT,2024-12-10 11:29:46,0,0,0.0,0.0,0,1,0.0,20797.158509999997,9.416e-05
FILUSDT,2024-12-10 11:29:46,0,0,0.0,0.0,0,0,0.0,0.0,0.0001
ARBUSDT,2024-12-10 11:29:46,0,0,0.0,0.0,0,0,0.0,0.0,0.0001
BCHUSDT,2024-12-10 11:29:46,0,0,0.0,0.0,0,0,0.0,0.0,0.0001
WLDUSDT,2024-12-10 11:29:46,0,0,0.0,0.0,0,0,0.0,0.0,-7.93e-06
CRVUSDT,2024-12-10 11:29:46,0,0,0.0,0.0,0,3,0.0,42099.140849999996,0.0001
NEARUSDT,2024-12-10 11:29:46,0,0,0.0,0.0,0,0,0.0,0.0,7.641e-05
XLMUSDT,2024-12-10 11:29:46,0,0,0.0,0.0,4,0,76708.2456,0.0,0.0001
SANDUSDT,2024-12-10 11:29:46,0,0,0.0,0.0,0,0,0.0,0.0,0.0001
AAVEUSDT,2024-12-10 11:29:46,0,0,0.0,0.0,0,0,0.0,0.0,0.0001
RENDERUSDT,2024-12-10 11:29:46,0,0,0.0,0.0,0,0,0.0,0.0,5e-05
APTUSDT,2024-12-10 11:29:46,0,0,0.0,0.0,1,0,20016.7792,0.0,0.0001
FTMUSDT,2024-12-10 11:29:46,0,0,0.0,0.0,0,0,0.0,0.0,0.0001
OPUSDT,2024-12-10 11:29:46,0,0,0.0,0.0,1,0,18057.01776,0.0,0.0001
BTCUSDT,2024-12-10 11:30:46,0,0,0.0,0.0,9,9,162980.7480994,405175.4438587,0.0001
ETHUSDT,2024-12-10 11:30:46,0,0,0.0,0.0,2,4,21790.307093000003,80369.78847999999,0.0001
XRPUSDT,2024-12-10 11:30:46,0,0,0.0,0.0,6,4,80748.13470000001,50375.8319,0.0001
SOLUSDT,2024-12-10 11:30:46,0,0,0.0,0.0,0,0,0.0,0.0,0.0001
LINKUSDT,2024-12-10 11:30:46,0,0,0.0,0.0,0,0,0.0,0.0,0.0001
ADAUSDT,2024-12-10 11:30:46,0,0,0.0,0.0,4,0,58664.74707,0.0,0.0001
TRXUSDT,2024-12-10 11:30:46,0,0,0.0,0.0,2,1,23439.939339999997,15012.59214,0.0001
BNBUSDT,2024-12-10 11:30:46,0,0,0.0,0.0,0,0,0.0,0.0,5.372e-05
SUIUSDT,2024-12-10 11:30:46,0,0,0.0,0.0,0,0,0.0,0.0,-3.315e-05
HBARUSDT,2024-12-10 11:30:46,1,0,103.54733999999999,0.0,14,6,237830.41155999998,189437.89142,0.0001
LTCUSDT,2024-12-10 11:30:46,0,0,0.0,0.0,0,3,0.0,31721.33168,0.0001
SUSHIUSDT,2024-12-10 11:30:46,1,0,1240.1843999999999,0.0,0,0,0.0,0.0,0.0001
UNIUSDT,2024-12-10 11:30:46,0,0,0.0,0.0,0,0,0.0,0.0,0.0001
AVAXUSDT,2024-12-10 11:30:46,0,0,0.0,0.0,0,1,0.0,10877.037600000001,4.766e-05
ALGOUSDT,2024-12-10 11:30:46,0,0,0.0,0.0,1,0,10013.3664,0.0,0.0001
ETCUSDT,2024-12-10 11:30:46,0,0,0.0,0.0,1,0,18465.8748,0.0,0.0001
DOTUSDT,2024-12-10 11:30:46,0,0,0.0,0.0,5,0,80268.58481999999,0.0,9.416e-05
FILUSDT,2024-12-10 11:30:46,0,0,0.0,0.0,0,0,0.0,0.0,0.0001
ARBUSDT,2024-12-10 11:30:46,0,0,0.0,0.0,0,0,0.0,0.0,0.0001
BCHUSDT,2024-12-10 11:30:46,0,0,0.0,0.0,0,0,0.0,0.0,0.0001
WLDUSDT,2024-12-10 11:30:46,0,0,0.0,0.0,0,0,0.0,0.0,-7.93e-06
CRVUSDT,2024-12-10 11:30:46,0,0,0.0,0.0,1,0,21374.941439999995,0.0,0.0001
NEARUSDT,2024-12-10 11:30:46,0,0,0.0,0.0,0,0,0.0,0.0,7.641e-05
XLMUSDT,2024-12-10 11:30:46,0,0,0.0,0.0,0,0,0.0,0.0,0.0001
SANDUSDT,2024-12-10 11:30:46,0,0,0.0,0.0,0,0,0.0,0.0,0.0001
AAVEUSDT,2024-12-10 11:30:46,1,0,2761.8048,0.0,2,3,57740.35716,45193.3416,0.0001
RENDERUSDT,2024-12-10 11:30:46,0,0,0.0,0.0,0,0,0.0,0.0,5e-05
APTUSDT,2024-12-10 11:30:46,0,0,0.0,0.0,0,0,0.0,0.0,0.0001
FTMUSDT,2024-12-10 11:30:46,0,0,0.0,0.0,0,0,0.0,0.0,0.0001
OPUSDT,2024-12-10 11:30:46,0,0,0.0,0.0,0,3,0.0,94117.67817,0.0001
BTCUSDT,2024-12-10 11:31:46,0,0,0.0,0.0,9,10,140751.4989899,239537.781442,0.0001
ETHUSDT,2024-12-10 11:31:46,0,1,0.0,374.612,3,9,83148.464143,192284.830187,0.0001
XRPUSDT,2024-12-10 11:31:46,0,0,0.0,0.0,7,3,130835.0298,39931.3958,0.0001
SOLUSDT,2024-12-10 11:31:46,0,0,0.0,0.0,4,4,102265.8777,62602.29039,0.0001
LINKUSDT,2024-12-10 11:31:46,0,0,0.0,0.0,0,0,0.0,0.0,0.0001
ADAUSDT,2024-12-10 11:31:46,0,0,0.0,0.0,9,3,172322.74966,69911.46423000001,0.0001
TRXUSDT,2024-12-10 11:31:46,0,0,0.0,0.0,2,1,35094.54294,13108.52816,0.0001
BNBUSDT,2024-12-10 11:31:46,0,0,0.0,0.0,6,1,96844.28297,45753.07099,5.372e-05
SUIUSDT,2024-12-10 11:31:46,0,0,0.0,0.0,0,0,0.0,0.0,-3.315e-05
HBARUSDT,2024-12-10 11:31:46,0,0,0.0,0.0,0,0,0.0,0.0,0.0001
LTCUSDT,2024-12-10 11:31:46,0,0,0.0,0.0,0,0,0.0,0.0,0.0001
SUSHIUSDT,2024-12-10 11:31:46,0,0,0.0,0.0,0,0,0.0,0.0,0.0001
UNIUSDT,2024-12-10 11:31:46,0,0,0.0,0.0,0,0,0.0,0.0,0.0001
AVAXUSDT,2024-12-10 11:31:46,0,0,0.0,0.0,0,3,0.0,42296.069800000005,4.766e-05
ALGOUSDT,2024-12-10 11:31:46,0,0,0.0,0.0,0,0,0.0,0.0,0.0001
ETCUSDT,2024-12-10 11:31:46,0,0,0.0,0.0,0,0,0.0,0.0,0.0001
DOTUSDT,2024-12-10 11:31:46,0,0,0.0,0.0,3,0,63247.06184000001,0.0,9.416e-05
FILUSDT,2024-12-10 11:31:46,0,0,0.0,0.0,0,0,0.0,0.0,0.0001
ARBUSDT,2024-12-10 11:31:46,0,0,0.0,0.0,0,0,0.0,0.0,0.0001
BCHUSDT,2024-12-10 11:31:46,0,0,0.0,0.0,0,0,0.0,0.0,0.0001
WLDUSDT,2024-12-10 11:31:46,0,0,0.0,0.0,4,0,57979.6435,0.0,-7.93e-06
CRVUSDT,2024-12-10 11:31:46,0,3,0.0,7404.9931,0,1,0.0,11556.39135,0.0001
NEARUSDT,2024-12-10 11:31:46,0,0,0.0,0.0,0,0,0.0,0.0,7.641e-05
XLMUSDT,2024-12-10 11:31:46,0,1,0.0,155.4,0,0,0.0,0.0,0.0001
SANDUSDT,2024-12-10 11:31:46,0,0,0.0,0.0,0,0,0.0,0.0,0.0001
AAVEUSDT,2024-12-10 11:31:46,2,0,1757.4083,0.0,0,0,0.0,0.0,0.0001
RENDERUSDT,2024-12-10 11:31:46,0,0,0.0,0.0,0,0,0.0,0.0,5e-05
APTUSDT,2024-12-10 11:31:46,0,0,0.0,0.0,0,0,0.0,0.0,0.0001
FTMUSDT,2024-12-10 11:31:46,0,0,0.0,0.0,0,0,0.0,0.0,0.0001
OPUSDT,2024-12-10 11:31:46,0,0,0.0,0.0,0,0,0.0,0.0,0.0001
BTCUSDT,2024-12-10 11:32:46,0,1,0.0,681.14648,7,18,199882.32694099998,404204.3904799,0.0001
ETHUSDT,2024-12-10 11:32:46,0,0,0.0,0.0,3,5,59474.576979,232087.054276,0.0001
XRPUSDT,2024-12-10 11:32:46,0,0,0.0,0.0,2,7,21275.6958,160886.08750000002,0.0001
SOLUSDT,2024-12-10 11:32:46,0,0,0.0,0.0,0,0,0.0,0.0,0.0001
LINKUSDT,2024-12-10 11:32:46,0,0,0.0,0.0,0,1,0.0,17271.358,0.0001
ADAUSDT,2024-12-10 11:32:46,0,0,0.0,0.0,1,0,15727.71042,0.0,0.0001
TRXUSDT,2024-12-10 11:32:46,0,0,0.0,0.0,2,0,29791.79454,0.0,0.0001
BNBUSDT,2024-12-10 11:32:46,0,0,0.0,0.0,0,1,0.0,10976.5317,5.372e-05
SUIUSDT,2024-12-10 11:32:46,0,0,0.0,0.0,0,0,0.0,0.0,-3.315e-05
HBARUSDT,2024-12-10 11:32:46,0,1,0.0,1118.96442,0,0,0.0,0.0,0.0001
LTCUSDT,2024-12-10 11:32:46,0,0,0.0,0.0,0,2,0.0,26535.99852,0.0001
SUSHIUSDT,2024-12-10 11:32:46,0,0,0.0,0.0,0,0,0.0,0.0,0.0001
UNIUSDT,2024-12-10 11:32:46,0,0,0.0,0.0,3,0,43682.47297,0.0,0.0001
AVAXUSDT,2024-12-10 11:32:46,0,0,0.0,0.0,1,0,18823.8285,0.0,4.766e-05
ALGOUSDT,2024-12-10 11:32:46,0,0,0.0,0.0,0,0,0.0,0.0,0.0001
ETCUSDT,2024-12-10 11:32:46,0,0,0.0,0.0,0,0,0.0,0.0,0.0001
DOTUSDT,2024-12-10 11:32:46,0,0,0.0,0.0,1,1,10211.705899999999,10428.85192,9.416e-05
FILUSDT,2024-12-10 11:32:46,0,0,0.0,0.0,0,0,0.0,0.0,0.0001
ARBUSDT,2024-12-10 11:32:46,0,0,0.0,0.0,0,1,0.0,11858.952780000001,0.0001
BCHUSDT,2024-12-10 11:32:46,0,0,0.0,0.0,0,0,0.0,0.0,0.0001
WLDUSDT,2024-12-10 11:32:46,0,0,0.0,0.0,0,0,0.0,0.0,-7.93e-06
CRVUSDT,2024-12-10 11:32:46,0,1,0.0,223.72000000000003,2,0,23354.36055,0.0,0.0001
NEARUSDT,2024-12-10 11:32:46,0,0,0.0,0.0,0,0,0.0,0.0,7.641e-05
XLMUSDT,2024-12-10 11:32:46,0,0,0.0,0.0,0,0,0.0,0.0,0.0001
SANDUSDT,2024-12-10 11:32:46,0,0,0.0,0.0,0,0,0.0,0.0,0.0001
AAVEUSDT,2024-12-10 11:32:46,1,1,749.4136,28.2087,10,0,171034.66235,0.0,0.0001
RENDERUSDT,2024-12-10 11:32:46,0,0,0.0,0.0,0,0,0.0,0.0,5e-05
APTUSDT,2024-12-10 11:32:46,0,0,0.0,0.0,0,0,0.0,0.0,0.0001
FTMUSDT,2024-12-10 11:32:46,0,0,0.0,0.0,0,0,0.0,0.0,0.0001
OPUSDT,2024-12-10 11:32:46,0,0,0.0,0.0,0,1,0.0,12846.92043,0.0001
BTCUSDT,2024-12-10 11:33:46,0,0,0.0,0.0,3,20,61338.7929304,474260.4304313,0.0001
ETHUSDT,2024-12-10 11:33:46,0,1,0.0,142.04134,10,13,344730.497802,347410.299835,0.0001
XRPUSDT,2024-12-10 11:33:46,0,1,0.0,56.13907999999999,7,13,135794.9215,224905.9669,0.0001
SOLUSDT,2024-12-10 11:33:46,0,0,0.0,0.0,7,10,116896.76083,244571.3545,0.0001
LINKUSDT,2024-12-10 11:33:46,0,0,0.0,0.0,0,2,0.0,38477.1825,0.0001
ADAUSDT,2024-12-10 11:33:46,0,0,0.0,0.0,2,6,33889.887800000004,114529.74958,0.0001
TRXUSDT,2024-12-10 11:33:46,0,0,0.0,0.0,3,1,43460.10785,10179.4733,0.0001
BNBUSDT,2024-12-10 11:33:46,0,0,0.0,0.0,1,3,21082.8101,81316.44515,5.372e-05
SUIUSDT,2024-12-10 11:33:46,0,2,0.0,3514.3665825,0,0,0.0,0.0,-3.315e-05
HBARUSDT,2024-12-10 11:33:46,0,1,0.0,1158.86781,0,6,0.0,120111.01208,0.0001
LTCUSDT,2024-12-10 11:33:46,0,1,0.0,652.70792,0,0,0.0,0.0,0.0001
SUSHIUSDT,2024-12-10 11:33:46,0,0,0.0,0.0,0,0,0.0,0.0,0.0001
UNIUSDT,2024-12-10 11:33:46,0,0,0.0,0.0,1,0,10838.6376,0.0,0.0001
AVAXUSDT,2024-12-10 11:33:46,0,0,0.0,0.0,0,2,0.0,33447.1264,4.766e-05
ALGOUSDT,2024-12-10 11:33:46,0,1,0.0,1088.4528,0,0,0.0,0.0,0.0001
ETCUSDT,2024-12-10 11:33:46,0,0,0.0,0.0,0,0,0.0,0.0,0.0001
DOTUSDT,2024-12-10 11:33:46,0,0,0.0,0.0,0,2,0.0,22581.16321,9.416e-05
FILUSDT,2024-12-10 11:33:46,0,0,0.0,0.0,0,0,0.0,0.0,0.0001
ARBUSDT,2024-12-10 11:33:46,0,0,0.0,0.0,0,1,0.0,14349.8166,0.0001
BCHUSDT,2024-12-10 11:33:46,0,0,0.0,0.0,0,0,0.0,0.0,0.0001
WLDUSDT,2024-12-10 11:33:46,0,0,0.0,0.0,1,0,16434.0,0.0,-7.93e-06
CRVUSDT,2024-12-10 11:33:46,0,1,0.0,4505.7276,0,0,0.0,0.0,0.0001
NEARUSDT,2024-12-10 11:33:46,0,0,0.0,0.0,0,0,0.0,0.0,7.641e-05
XLMUSDT,2024-12-10 11:33:46,0,1,0.0,1237.6517999999999,0,0,0.0,0.0,0.0001
SANDUSDT,2024-12-10 11:33:46,0,1,0.0,486.14295,0,0,0.0,0.0,0.0001
AAVEUSDT,2024-12-10 11:33:46,0,0,0.0,0.0,4,2,54047.339120000004,68034.65496,0.0001
RENDERUSDT,2024-12-10 11:33:46,0,0,0.0,0.0,0,0,0.0,0.0,5e-05
APTUSDT,2024-12-10 11:33:46,0,0,0.0,0.0,0,0,0.0,0.0,0.0001
FTMUSDT,2024-12-10 11:33:46,0,1,0.0,229.524306,0,1,0.0,20624.76,0.0001
OPUSDT,2024-12-10 11:33:46,0,0,0.0,0.0,0,0,0.0,0.0,0.0001
BTCUSDT,2024-12-10 11:34:46,0,2,0.0,1263.48052,4,21,76358.388347,557749.362562,0.0001
ETHUSDT,2024-12-10 11:34:46,0,2,0.0,2750.1751600000002,2,4,39229.620312,295248.152944,0.0001
XRPUSDT,2024-12-10 11:34:46,0,6,0.0,3645.8568299999997,0,6,0.0,101541.4541,0.0001
SOLUSDT,2024-12-10 11:34:46,0,2,0.0,430.097,5,11,104064.92272,149501.81829,0.0001
LINKUSDT,2024-12-10 11:34:46,0,1,0.0,93.90304,0,1,0.0,34173.2478,0.0001
ADAUSDT,2024-12-10 11:34:46,0,1,0.0,132.77636,2,3,50415.23022,34747.50359,0.0001
TRXUSDT,2024-12-10 11:34:46,0,1,0.0,101.13936000000001,0,2,0.0,30363.823579999997,0.0001
BNBUSDT,2024-12-10 11:34:46,0,1,0.0,132.10871,0,3,0.0,37332.56152,5.372e-05
SUIUSDT,2024-12-10 11:34:46,0,2,0.0,3510.9506589000002,0,0,0.0,0.0,-3.315e-05
HBARUSDT,2024-12-10 11:34:46,0,0,0.0,0.0,0,0,0.0,0.0,0.0001
LTCUSDT,2024-12-10 11:34:46,0,1,0.0,84.67802,0,0,0.0,0.0,0.0001
SUSHIUSDT,2024-12-10 11:34:46,0,0,0.0,0.0,0,0,0.0,0.0,0.0001
UNIUSDT,2024-12-10 11:34:46,0,1,0.0,31.9252,0,0,0.0,0.0,0.0001
AVAXUSDT,2024-12-10 11:34:46,0,0,0.0,0.0,0,3,0.0,82747.8217,4.766e-05
ALGOUSDT,2024-12-10 11:34:46,0,0,0.0,0.0,0,0,0.0,0.0,0.0001
ETCUSDT,2024-12-10 11:34:46,0,0,0.0,0.0,0,0,0.0,0.0,0.0001
DOTUSDT,2024-12-10 11:34:46,0,0,0.0,0.0,0,1,0.0,10641.67238,9.416e-05
FILUSDT,2024-12-10 11:34:46,0,0,0.0,0.0,0,0,0.0,0.0,0.0001
ARBUSDT,2024-12-10 11:34:46,0,0,0.0,0.0,0,0,0.0,0.0,0.0001
BCHUSDT,2024-12-10 11:34:46,0,0,0.0,0.0,0,0,0.0,0.0,0.0001
WLDUSDT,2024-12-10 11:34:46,0,2,0.0,1692.8563185,1,2,13608.369900000002,32221.7736,-7.93e-06
CRVUSDT,2024-12-10 11:34:46,0,2,0.0,624.2144,0,0,0.0,0.0,0.0001
NEARUSDT,2024-12-10 11:34:46,0,0,0.0,0.0,0,0,0.0,0.0,7.641e-05
XLMUSDT,2024-12-10 11:34:46,0,1,0.0,56.306999999999995,0,0,0.0,0.0,0.0001
SANDUSDT,2024-12-10 11:34:46,0,0,0.0,0.0,0,0,0.0,0.0,0.0001
AAVEUSDT,2024-12-10 11:34:46,0,0,0.0,0.0,2,2,20992.4142,25446.10944,0.0001
RENDERUSDT,2024-12-10 11:34:46,0,0,0.0,0.0,0,0,0.0,0.0,5e-05
APTUSDT,2024-12-10 11:34:46,0,0,0.0,0.0,0,0,0.0,0.0,0.0001
FTMUSDT,2024-12-10 11:34:46,0,2,0.0,441.5776,0,0,0.0,0.0,0.0001
OPUSDT,2024-12-10 11:34:46,0,0,0.0,0.0,0,1,0.0,10510.48838,0.0001
BTCUSDT,2024-12-10 11:35:46,0,0,0.0,0.0,6,9,125221.64602839999,463939.8941202,0.0001
ETHUSDT,2024-12-10 11:35:46,0,0,0.0,0.0,8,3,284768.745367,128385.93018100002,0.0001
XRPUSDT,2024-12-10 11:35:46,0,0,0.0,0.0,10,10,154557.0734,192575.1978,0.0001
SOLUSDT,2024-12-10 11:35:46,0,0,0.0,0.0,6,7,123805.26835,148389.039,0.0001
LINKUSDT,2024-12-10 11:35:46,0,0,0.0,0.0,0,4,0.0,79796.84730000001,0.0001
ADAUSDT,2024-12-10 11:35:46,0,0,0.0,0.0,1,0,19120.252920000003,0.0,0.0001
TRXUSDT,2024-12-10 11:35:46,0,0,0.0,0.0,0,2,0.0,26081.9727,0.0001
BNBUSDT,2024-12-10 11:35:46,0,0,0.0,0.0,0,0,0.0,0.0,5.372e-05
SUIUSDT,2024-12-10 11:35:46,0,0,0.0,0.0,0,0,0.0,0.0,-3.315e-05
HBARUSDT,2024-12-10 11:35:46,0,0,0.0,0.0,6,2,114244.46578,24716.707879999998,0.0001
LTCUSDT,2024-12-10 11:35:46,0,0,0.0,0.0,1,1,10231.72425,10384.15587,0.0001
SUSHIUSDT,2024-12-10 11:35:46,0,0,0.0,0.0,0,0,0.0,0.0,0.0001
UNIUSDT,2024-12-10 11:35:46,0,0,0.0,0.0,0,0,0.0,0.0,0.0001
AVAXUSDT,2024-12-10 11:35:46,0,0,0.0,0.0,2,2,35225.5845,38016.0383,4.766e-05
ALGOUSDT,2024-12-10 11:35:46,0,0,0.0,0.0,0,0,0.0,0.0,0.0001
ETCUSDT,2024-12-10 11:35:46,0,0,0.0,0.0,0,0,0.0,0.0,0.0001
DOTUSDT,2024-12-10 11:35:46,0,0,0.0,0.0,0,0,0.0,0.0,9.416e-05
FILUSDT,2024-12-10 11:35:46,0,0,0.0,0.0,0,0,0.0,0.0,0.0001
ARBUSDT,2024-12-10 11:35:46,0,0,0.0,0.0,0,0,0.0,0.0,0.0001
BCHUSDT,2024-12-10 11:35:46,0,0,0.0,0.0,0,0,0.0,0.0,0.0001
WLDUSDT,2024-12-10 11:35:46,0,0,0.0,0.0,1,0,12715.135199999999,0.0,-7.93e-06
CRVUSDT,2024-12-10 11:35:46,0,0,0.0,0.0,1,0,12522.545870000002,0.0,0.0001
NEARUSDT,2024-12-10 11:35:46,0,0,0.0,0.0,0,0,0.0,0.0,7.641e-05
XLMUSDT,2024-12-10 11:35:46,0,0,0.0,0.0,0,0,0.0,0.0,0.0001
SANDUSDT,2024-12-10 11:35:46,0,0,0.0,0.0,1,0,12877.1338,0.0,0.0001
AAVEUSDT,2024-12-10 11:35:46,1,0,402.0492,0.0,1,0,19238.608500000002,0.0,0.0001
RENDERUSDT,2024-12-10 11:35:46,0,0,0.0,0.0,0,0,0.0,0.0,5e-05
APTUSDT,2024-12-10 11:35:46,0,0,0.0,0.0,0,0,0.0,0.0,0.0001
FTMUSDT,2024-12-10 11:35:46,0,0,0.0,0.0,0,0,0.0,0.0,0.0001
OPUSDT,2024-12-10 11:35:46,0,0,0.0,0.0,1,0,15554.78925,0.0,0.0001
BTCUSDT,2024-12-10 11:36:46,0,0,0.0,0.0,6,7,179062.29684899998,129209.1668954,0.0001
ETHUSDT,2024-12-10 11:36:46,0,0,0.0,0.0,1,3,12602.666313,45184.65694,0.0001
XRPUSDT,2024-12-10 11:36:46,0,0,0.0,0.0,2,3,21852.7028,85186.4106,0.0001
SOLUSDT,2024-12-10 11:36:46,0,0,0.0,0.0,4,3,68558.68898,44067.931379999995,0.0001
LINKUSDT,2024-12-10 11:36:46,0,0,0.0,0.0,1,0,10248.832,0.0,0.0001
ADAUSDT,2024-12-10 11:36:46,0,0,0.0,0.0,1,2,13064.849199999999,24339.60304,0.0001
TRXUSDT,2024-12-10 11:36:46,0,0,0.0,0.0,0,0,0.0,0.0,0.0001
BNBUSDT,2024-12-10 11:36:46,0,0,0.0,0.0,0,4,0.0,68669.56031,5.372e-05
SUIUSDT,2024-12-10 11:36:46,0,0,0.0,0.0,0,0,0.0,0.0,-3.315e-05
HBARUSDT,2024-12-10 11:36:46,0,0,0.0,0.0,0,2,0.0,24141.549039999998,0.0001
LTCUSDT,2024-12-10 11:36:46,0,0,0.0,0.0,0,0,0.0,0.0,0.0001
SUSHIUSDT,2024-12-10 11:36:46,0,0,0.0,0.0,0,0,0.0,0.0,0.0001
UNIUSDT,2024-12-10 11:36:46,0,0,0.0,0.0,0,0,0.0,0.0,0.0001
AVAXUSDT,2024-12-10 11:36:46,0,0,0.0,0.0,0,0,0.0,0.0,4.766e-05
ALGOUSDT,2024-12-10 11:36:46,0,0,0.0,0.0,0,0,0.0,0.0,0.0001
ETCUSDT,2024-12-10 11:36:46,0,0,0.0,0.0,0,0,0.0,0.0,0.0001
DOTUSDT,2024-12-10 11:36:46,0,0,0.0,0.0,0,0,0.0,0.0,9.416e-05
FILUSDT,2024-12-10 11:36:46,0,0,0.0,0.0,0,0,0.0,0.0,0.0001
ARBUSDT,2024-12-10 11:36:46,0,0,0.0,0.0,0,0,0.0,0.0,0.0001
BCHUSDT,2024-12-10 11:36:46,0,0,0.0,0.0,0,0,0.0,0.0,0.0001
WLDUSDT,2024-12-10 11:36:46,0,0,0.0,0.0,0,0,0.0,0.0,-7.93e-06
CRVUSDT,2024-12-10 11:36:46,0,0,0.0,0.0,1,2,11353.47066,21182.56206,0.0001
NEARUSDT,2024-12-10 11:36:46,0,0,0.0,0.0,0,0,0.0,0.0,7.641e-05
XLMUSDT,2024-12-10 11:36:46,0,0,0.0,0.0,0,0,0.0,0.0,0.0001
SANDUSDT,2024-12-10 11:36:46,0,0,0.0,0.0,0,0,0.0,0.0,0.0001
AAVEUSDT,2024-12-10 11:36:46,1,0,1326.4145999999998,0.0,0,1,0.0,17862.35724,0.0001
RENDERUSDT,2024-12-10 11:36:46,0,0,0.0,0.0,0,0,0.0,0.0,5e-05
APTUSDT,2024-12-10 11:36:46,0,0,0.0,0.0,1,0,17155.324099999998,0.0,0.0001
FTMUSDT,2024-12-10 11:36:46,0,0,0.0,0.0,0,0,0.0,0.0,0.0001
OPUSDT,2024-12-10 11:36:46,0,0,0.0,0.0,0,0,0.0,0.0,0.0001
BTCUSDT,2024-12-10 11:37:46,0,1,0.0,680.51473,5,6,94451.3680225,136959.3807093,0.0001
ETHUSDT,2024-12-10 11:37:46,0,0,0.0,0.0,1,5,35460.124884000004,69757.214043,0.0001
XRPUSDT,2024-12-10 11:37:46,0,0,0.0,0.0,0,4,0.0,49408.0153,0.0001
SOLUSDT,2024-12-10 11:37:46,0,0,0.0,0.0,1,3,13398.60456,37398.724539999996,0.0001
LINKUSDT,2024-12-10 11:37:46,0,0,0.0,0.0,0,0,0.0,0.0,0.0001
ADAUSDT,2024-12-10 11:37:46,0,0,0.0,0.0,0,1,0.0,11184.05774,0.0001
TRXUSDT,2024-12-10 11:37:46,0,0,0.0,0.0,2,0,20910.06536,0.0,0.0001
BNBUSDT,2024-12-10 11:37:46,0,0,0.0,0.0,1,0,12878.87535,0.0,5.372e-05
SUIUSDT,2024-12-10 11:37:46,0,0,0.0,0.0,0,0,0.0,0.0,-3.315e-05
HBARUSDT,2024-12-10 11:37:46,0,3,0.0,7129.42338,0,0,0.0,0.0,0.0001
LTCUSDT,2024-12-10 11:37:46,0,0,0.0,0.0,0,0,0.0,0.0,0.0001
SUSHIUSDT,2024-12-10 11:37:46,0,0,0.0,0.0,0,0,0.0,0.0,0.0001
UNIUSDT,2024-12-10 11:37:46,0,0,0.0,0.0,2,0,22891.88334,0.0,0.0001
AVAXUSDT,2024-12-10 11:37:46,0,0,0.0,0.0,0,1,0.0,12715.78,4.766e-05
ALGOUSDT,2024-12-10 11:37:46,0,0,0.0,0.0,0,1,0.0,11477.2125,0.0001
ETCUSDT,2024-12-10 11:37:46,0,0,0.0,0.0,0,0,0.0,0.0,0.0001
DOTUSDT,2024-12-10 11:37:46,0,0,0.0,0.0,0,0,0.0,0.0,9.416e-05
FILUSDT,2024-12-10 11:37:46,0,0,0.0,0.0,0,0,0.0,0.0,0.0001
ARBUSDT,2024-12-10 11:37:46,0,1,0.0,80.77147950000001,0,0,0.0,0.0,0.0001
BCHUSDT,2024-12-10 11:37:46,0,0,0.0,0.0,0,0,0.0,0.0,0.0001
WLDUSDT,2024-12-10 11:37:46,0,2,0.0,1603.1541763999999,0,1,0.0,12158.8762,-7.93e-06
CRVUSDT,2024-12-10 11:37:46,0,0,0.0,0.0,1,5,12482.913,98123.82484000002,0.0001
NEARUSDT,2024-12-10 11:37:46,0,2,0.0,2579.2149999999997,0,0,0.0,0.0,7.641e-05
XLMUSDT,2024-12-10 11:37:46,0,0,0.0,0.0,0,0,0.0,0.0,0.0001
SANDUSDT,2024-12-10 11:37:46,0,0,0.0,0.0,0,0,0.0,0.0,0.0001
AAVEUSDT,2024-12-10 11:37:46,1,0,1012.123,0.0,0,0,0.0,0.0,0.0001
RENDERUSDT,2024-12-10 11:37:46,0,0,0.0,0.0,0,0,0.0,0.0,5e-05
APTUSDT,2024-12-10 11:37:46,0,0,0.0,0.0,0,1,0.0,17440.3775,0.0001
FTMUSDT,2024-12-10 11:37:46,0,0,0.0,0.0,0,0,0.0,0.0,0.0001
OPUSDT,2024-12-10 11:37:46,0,0,0.0,0.0,0,0,0.0,0.0,0.0001
BTCUSDT,2024-12-10 11:38:46,0,0,0.0,0.0,4,15,137133.18962720002,535890.4983459,0.0001
ETHUSDT,2024-12-10 11:38:46,0,0,0.0,0.0,5,26,83021.42609000001,745436.031328,0.0001
XRPUSDT,2024-12-10 11:38:46,0,1,0.0,2459.33751,15,20,265082.5821,347701.4005000001,0.0001
SOLUSDT,2024-12-10 11:38:46,0,2,0.0,645.1062999999999,1,5,13068.208999999999,74599.24508,0.0001
LINKUSDT,2024-12-10 11:38:46,0,0,0.0,0.0,0,1,0.0,10342.74,0.0001
ADAUSDT,2024-12-10 11:38:46,0,1,0.0,220.86016,5,1,60315.55043999999,11432.570490000002,0.0001
TRXUSDT,2024-12-10 11:38:46,0,4,0.0,19088.208910000005,1,3,11996.752260000001,59525.05112,0.0001
BNBUSDT,2024-12-10 11:38:46,0,1,0.0,694.619,0,0,0.0,0.0,5.372e-05
SUIUSDT,2024-12-10 11:38:46,0,1,0.0,29.4337094,0,0,0.0,0.0,-3.315e-05
HBARUSDT,2024-12-10 11:38:46,0,0,0.0,0.0,0,0,0.0,0.0,0.0001
LTCUSDT,2024-12-10 11:38:46,0,1,0.0,228.77415,0,6,0.0,79558.80392,0.0001
SUSHIUSDT,2024-12-10 11:38:46,0,0,0.0,0.0,0,0,0.0,0.0,0.0001
UNIUSDT,2024-12-10 11:38:46,0,0,0.0,0.0,0,0,0.0,0.0,0.0001
AVAXUSDT,2024-12-10 11:38:46,0,0,0.0,0.0,1,2,18348.0,30805.928399999997,4.766e-05
ALGOUSDT,2024-12-10 11:38:46,0,0,0.0,0.0,0,0,0.0,0.0,0.0001
ETCUSDT,2024-12-10 11:38:46,0,0,0.0,0.0,0,0,0.0,0.0,0.0001
DOTUSDT,2024-12-10 11:38:46,0,1,0.0,237.0566,0,0,0.0,0.0,9.416e-05
FILUSDT,2024-12-10 11:38:46,0,0,0.0,0.0,0,0,0.0,0.0,0.0001
ARBUSDT,2024-12-10 11:38:46,0,0,0.0,0.0,0,1,0.0,13041.39771,0.0001
BCHUSDT,2024-12-10 11:38:46,0,0,0.0,0.0,0,0,0.0,0.0,0.0001
WLDUSDT,2024-12-10 11:38:46,0,6,0.0,11312.9441242,0,2,0.0,43713.902500000004,-7.93e-06
CRVUSDT,2024-12-10 11:38:46,0,0,0.0,0.0,0,1,0.0,10934.115810000001,0.0001
NEARUSDT,2024-12-10 11:38:46,0,0,0.0,0.0,0,0,0.0,0.0,7.641e-05
XLMUSDT,2024-12-10 11:38:46,0,1,0.0,1528.03233,0,0,0.0,0.0,0.0001
SANDUSDT,2024-12-10 11:38:46,0,1,0.0,9899.252999999999,0,0,0.0,0.0,0.0001
AAVEUSDT,2024-12-10 11:38:46,0,1,0.0,141.0635,1,6,10801.626659999998,153193.6165,0.0001
RENDERUSDT,2024-12-10 11:38:46,0,0,0.0,0.0,0,0,0.0,0.0,5e-05
APTUSDT,2024-12-10 11:38:46,0,0,0.0,0.0,0,0,0.0,0.0,0.0001
FTMUSDT,2024-12-10 11:38:46,0,1,0.0,13.907495999999998,0,0,0.0,0.0,0.0001
OPUSDT,2024-12-10 11:38:46,0,2,0.0,14918.73558635,0,3,0.0,53015.5472,0.0001
BTCUSDT,2024-12-10 11:39:46,0,2,0.0,3109.2656799999995,25,20,799532.2871472001,351522.1426854,0.0001
ETHUSDT,2024-12-10 11:39:46,0,2,0.0,3688.0555399999994,6,26,103141.264406,688154.168236,0.0001
XRPUSDT,2024-12-10 11:39:46,0,2,0.0,1327.822,4,9,72672.0548,128421.9595,0.0001
SOLUSDT,2024-12-10 11:39:46,0,1,0.0,3652.9617,9,14,138668.98210999998,287300.39405000006,0.0001
LINKUSDT,2024-12-10 11:39:46,0,2,0.0,112.00404,2,2,21573.7971,30328.4459,0.0001
ADAUSDT,2024-12-10 11:39:46,0,1,0.0,997.0662500000001,0,1,0.0,10045.03989,0.0001
TRXUSDT,2024-12-10 11:39:46,0,3,0.0,1138.94558,0,5,0.0,125216.61339,0.0001
BNBUSDT,2024-12-10 11:39:46,0,1,0.0,97.19528,0,1,0.0,11091.778359999998,5.372e-05
SUIUSDT,2024-12-10 11:39:46,0,0,0.0,0.0,0,0,0.0,0.0,-3.315e-05
HBARUSDT,2024-12-10 11:39:46,0,0,0.0,0.0,0,0,0.0,0.0,0.0001
LTCUSDT,2024-12-10 11:39:46,0,1,0.0,20.442929999999997,2,0,22192.24574,0.0,0.0001
SUSHIUSDT,2024-12-10 11:39:46,0,1,0.0,113.82809999999999,0,1,0.0,10234.1632,0.0001
UNIUSDT,2024-12-10 11:39:46,0,0,0.0,0.0,0,1,0.0,20521.598680000003,0.0001
AVAXUSDT,2024-12-10 11:39:46,0,0,0.0,0.0,0,2,0.0,26785.6719,4.766e-05
ALGOUSDT,2024-12-10 11:39:46,0,1,0.0,326.00536000000005,0,0,0.0,0.0,0.0001
ETCUSDT,2024-12-10 11:39:46,0,1,0.0,4950.378720000001,0,1,0.0,15712.2642,0.0001
DOTUSDT,2024-12-10 11:39:46,0,0,0.0,0.0,0,0,0.0,0.0,9.416e-05
FILUSDT,2024-12-10 11:39:46,0,3,0.0,7337.0357,0,3,0.0,92651.68441,0.0001
ARBUSDT,2024-12-10 11:39:46,0,1,0.0,1657.495104,0,3,0.0,38078.13329,0.0001
BCHUSDT,2024-12-10 11:39:46,0,0,0.0,0.0,0,0,0.0,0.0,0.0001
WLDUSDT,2024-12-10 11:39:46,0,2,0.0,5105.856656,0,0,0.0,0.0,-7.93e-06
CRVUSDT,2024-12-10 11:39:46,0,1,0.0,3973.3141,0,1,0.0,11396.502,0.0001
NEARUSDT,2024-12-10 11:39:46,0,0,0.0,0.0,0,0,0.0,0.0,7.641e-05
XLMUSDT,2024-12-10 11:39:46,0,1,0.0,9822.96,0,0,0.0,0.0,0.0001
SANDUSDT,2024-12-10 11:39:46,0,1,0.0,252.29999999999998,0,0,0.0,0.0,0.0001
AAVEUSDT,2024-12-10 11:39:46,0,1,0.0,675.7488,0,0,0.0,0.0,0.0001
RENDERUSDT,2024-12-10 11:39:46,0,0,0.0,0.0,0,0,0.0,0.0,5e-05
APTUSDT,2024-12-10 11:39:46,0,1,0.0,25.624390000000002,0,0,0.0,0.0,0.0001
FTMUSDT,2024-12-10 11:39:46,0,1,0.0,2170.81776,1,2,10619.481600000001,25117.7857,0.0001
OPUSDT,2024-12-10 11:39:46,0,2,0.0,585.52576867,1,5,13806.44325,57898.41851999999,0.0001
BTCUSDT,2024-12-10 11:40:46,0,0,0.0,0.0,6,5,105558.60225289999,277727.0005612,0.0001
ETHUSDT,2024-12-10 11:40:46,0,4,0.0,2384.56368,9,5,187786.81285699998,149758.98224200003,0.0001
XRPUSDT,2024-12-10 11:40:46,0,0,0.0,0.0,19,8,286162.4704,136377.3107,0.0001
SOLUSDT,2024-12-10 11:40:46,0,1,0.0,214.7518,16,7,292929.14566,87543.48220999999,0.0001
LINKUSDT,2024-12-10 11:40:46,0,0,0.0,0.0,6,1,180034.6264,12303.27,0.0001
ADAUSDT,2024-12-10 11:40:46,0,1,0.0,195.43566,1,2,13366.961009999999,26190.54947,0.0001
TRXUSDT,2024-12-10 11:40:46,0,0,0.0,0.0,0,0,0.0,0.0,0.0001
BNBUSDT,2024-12-10 11:40:46,0,0,0.0,0.0,4,5,120405.47430999999,114221.45486,5.372e-05
SUIUSDT,2024-12-10 11:40:46,0,0,0.0,0.0,0,0,0.0,0.0,-3.315e-05
HBARUSDT,2024-12-10 11:40:46,0,0,0.0,0.0,0,0,0.0,0.0,0.0001
LTCUSDT,2024-12-10 11:40:46,0,0,0.0,0.0,1,0,11927.47384,0.0,0.0001
SUSHIUSDT,2024-12-10 11:40:46,0,0,0.0,0.0,0,0,0.0,0.0,0.0001
UNIUSDT,2024-12-10 11:40:46,0,0,0.0,0.0,0,0,0.0,0.0,0.0001
AVAXUSDT,2024-12-10 11:40:46,0,0,0.0,0.0,1,0,12816.578000000001,0.0,4.766e-05
ALGOUSDT,2024-12-10 11:40:46,0,0,0.0,0.0,0,0,0.0,0.0,0.0001
ETCUSDT,2024-12-10 11:40:46,0,0,0.0,0.0,0,0,0.0,0.0,0.0001
DOTUSDT,2024-12-10 11:40:46,0,0,0.0,0.0,0,0,0.0,0.0,9.416e-05
FILUSDT,2024-12-10 11:40:46,0,0,0.0,0.0,0,0,0.0,0.0,0.0001
ARBUSDT,2024-12-10 11:40:46,0,0,0.0,0.0,0,1,0.0,16295.919839999999,0.0001
BCHUSDT,2024-12-10 11:40:46,0,0,0.0,0.0,0,0,0.0,0.0,0.0001
WLDUSDT,2024-12-10 11:40:46,0,0,0.0,0.0,0,0,0.0,0.0,-7.93e-06
CRVUSDT,2024-12-10 11:40:46,0,1,0.0,234.6837,0,2,0.0,22575.79505,0.0001
NEARUSDT,2024-12-10 11:40:46,0,1,0.0,461.405,2,6,29162.996799999997,82062.05200000003,7.641e-05
XLMUSDT,2024-12-10 11:40:46,0,0,0.0,0.0,0,0,0.0,0.0,0.0001
SANDUSDT,2024-12-10 11:40:46,0,0,0.0,0.0,0,1,0.0,10768.843799999999,0.0001
AAVEUSDT,2024-12-10 11:40:46,0,0,0.0,0.0,0,0,0.0,0.0,0.0001
RENDERUSDT,2024-12-10 11:40:46,0,0,0.0,0.0,0,0,0.0,0.0,5e-05
APTUSDT,2024-12-10 11:40:46,0,0,0.0,0.0,1,5,23251.4016,114643.14869999999,0.0001
FTMUSDT,2024-12-10 11:40:46,0,0,0.0,0.0,0,0,0.0,0.0,0.0001
OPUSDT,2024-12-10 11:40:46,0,0,0.0,0.0,0,0,0.0,0.0,0.0001
BTCUSDT,2024-12-10 11:41:46,0,3,0.0,74312.73187,0,43,0.0,932411.0421275999,0.0001
ETHUSDT,2024-12-10 11:41:46,0,10,0.0,24082.048910000005,6,49,163895.606174,1552218.3675110003,0.0001
XRPUSDT,2024-12-10 11:41:46,0,12,0.0,39617.92145000001,3,10,49333.77130000001,138976.3592,0.0001
SOLUSDT,2024-12-10 11:41:46,0,10,0.0,37718.3044,4,25,42442.013340000005,864011.73138,0.0001
LINKUSDT,2024-12-10 11:41:46,0,3,0.0,6251.9586,0,2,0.0,28566.491199999997,0.0001
ADAUSDT,2024-12-10 11:41:46,0,4,0.0,9921.37313,0,6,0.0,155135.42053,0.0001
TRXUSDT,2024-12-10 11:41:46,0,3,0.0,1860.9218499999997,1,2,23508.88914,32262.622389999997,0.0001
BNBUSDT,2024-12-10 11:41:46,1,5,6.9994000000000005,6743.35335,0,3,0.0,51750.202430000005,5.372e-05
SUIUSDT,2024-12-10 11:41:46,0,3,0.0,1336.6364633,5,0,97278.63130000001,0.0,-3.315e-05
HBARUSDT,2024-12-10 11:41:46,0,1,0.0,151.66477,0,1,0.0,13763.675,0.0001
LTCUSDT,2024-12-10 11:41:46,0,2,0.0,88.12038,6,2,82099.14839,21728.48296,0.0001
SUSHIUSDT,2024-12-10 11:41:46,0,1,0.0,6.4197,0,0,0.0,0.0,0.0001
UNIUSDT,2024-12-10 11:41:46,0,2,0.0,95.0209,0,9,0.0,176672.96352,0.0001
AVAXUSDT,2024-12-10 11:41:46,0,0,0.0,0.0,1,1,11847.2192,10576.1724,4.766e-05
ALGOUSDT,2024-12-10 11:41:46,0,1,0.0,149.37990000000002,0,0,0.0,0.0,0.0001
ETCUSDT,2024-12-10 11:41:46,0,1,0.0,59.295359999999995,0,1,0.0,11924.460000000001,0.0001
DOTUSDT,2024-12-10 11:41:46,0,1,0.0,229.14000000000001,0,0,0.0,0.0,9.416e-05
FILUSDT,2024-12-10 11:41:46,0,1,0.0,28.269,0,0,0.0,0.0,0.0001
ARBUSDT,2024-12-10 11:41:46,0,4,0.0,951.6567216,0,0,0.0,0.0,0.0001
BCHUSDT,2024-12-10 11:41:46,0,0,0.0,0.0,0,0,0.0,0.0,0.0001
WLDUSDT,2024-12-10 11:41:46,0,7,0.0,6350.5631403,0,2,0.0,25049.951999999997,-7.93e-06
CRVUSDT,2024-12-10 11:41:46,0,0,0.0,0.0,1,0,14105.4984,0.0,0.0001
NEARUSDT,2024-12-10 11:41:46,0,3,0.0,1164.7475,0,0,0.0,0.0,7.641e-05
XLMUSDT,2024-12-10 11:41:46,0,0,0.0,0.0,0,0,0.0,0.0,0.0001
SANDUSDT,2024-12-10 11:41:46,0,1,0.0,4354.9824,0,0,0.0,0.0,0.0001
AAVEUSDT,2024-12-10 11:41:46,0,1,0.0,5530.991400000001,0,4,0.0,67262.50775,0.0001
RENDERUSDT,2024-12-10 11:41:46,0,0,0.0,0.0,0,0,0.0,0.0,5e-05
APTUSDT,2024-12-10 11:41:46,0,2,0.0,23583.518963000002,1,8,21327.704400000002,134131.8339,0.0001
FTMUSDT,2024-12-10 11:41:46,0,3,0.0,2022.910093,0,0,0.0,0.0,0.0001
OPUSDT,2024-12-10 11:41:46,0,2,0.0,917.1585306,0,1,0.0,10052.9546,0.0001
BTCUSDT,2024-12-10 11:42:46,0,3,0.0,2719.0029999999997,19,30,658144.6200391001,1256798.6836531002,0.0001
ETHUSDT,2024-12-10 11:42:46,0,5,0.0,9163.297330000001,8,30,149043.328261,975552.673223,0.0001
XRPUSDT,2024-12-10 11:42:46,0,3,0.0,8611.58223,13,7,226115.16629999995,82987.2604,0.0001
SOLUSDT,2024-12-10 11:42:46,0,2,0.0,1498.9396,20,27,348561.46527,730223.6477699999,0.0001
LINKUSDT,2024-12-10 11:42:46,0,1,0.0,11.24893,1,7,12781.011599999998,152113.7713,0.0001
ADAUSDT,2024-12-10 11:42:46,0,2,0.0,455.69206,3,3,40381.75451,36768.914399999994,0.0001
TRXUSDT,2024-12-10 11:42:46,0,3,0.0,1903.63247,1,4,14910.12893,51958.13339,0.0001
BNBUSDT,2024-12-10 11:42:46,0,2,0.0,1850.25552,2,1,37136.70958,11482.92139,5.372e-05
SUIUSDT,2024-12-10 11:42:46,0,1,0.0,230.43812799999998,2,0,24886.49189,0.0,-3.315e-05
HBARUSDT,2024-12-10 11:42:46,0,0,0.0,0.0,2,2,86080.02083000001,26778.599430000002,0.0001
LTCUSDT,2024-12-10 11:42:46,0,3,0.0,1594.2028,5,11,137729.40099999998,222224.20416,0.0001
SUSHIUSDT,2024-12-10 11:42:46,0,0,0.0,0.0,0,0,0.0,0.0,0.0001
UNIUSDT,2024-12-10 11:42:46,0,0,0.0,0.0,2,0,37200.360960000005,0.0,0.0001
AVAXUSDT,2024-12-10 11:42:46,0,0,0.0,0.0,0,0,0.0,0.0,4.766e-05
ALGOUSDT,2024-12-10 11:42:46,0,1,0.0,1543.0033,0,0,0.0,0.0,0.0001
ETCUSDT,2024-12-10 11:42:46,0,1,0.0,3333.8667000000005,0,0,0.0,0.0,0.0001
DOTUSDT,2024-12-10 11:42:46,0,1,0.0,2282.1916,4,0,94619.25985999999,0.0,9.416e-05
FILUSDT,2024-12-10 11:42:46,0,1,0.0,89.0908,0,0,0.0,0.0,0.0001
ARBUSDT,2024-12-10 11:42:46,0,2,0.0,3023.5152533,1,0,10840.127740000002,0.0,0.0001
BCHUSDT,2024-12-10 11:42:46,0,1,0.0,1228.36896,0,0,0.0,0.0,0.0001
WLDUSDT,2024-12-10 11:42:46,0,3,0.0,2117.6539071999996,0,5,0.0,82784.73469999999,-7.93e-06
CRVUSDT,2024-12-10 11:42:46,0,1,0.0,292.415,0,0,0.0,0.0,0.0001
NEARUSDT,2024-12-10 11:42:46,0,5,0.0,2934.7525999999993,2,24,24926.5524,342869.9096000001,7.641e-05
XLMUSDT,2024-12-10 11:42:46,0,0,0.0,0.0,0,0,0.0,0.0,0.0001
SANDUSDT,2024-12-10 11:42:46,0,0,0.0,0.0,0,0,0.0,0.0,0.0001
AAVEUSDT,2024-12-10 11:42:46,0,2,0.0,920.2244000000001,1,1,14409.035100000001,11980.8604,0.0001
RENDERUSDT,2024-12-10 11:42:46,0,0,0.0,0.0,0,0,0.0,0.0,5e-05
APTUSDT,2024-12-10 11:42:46,0,0,0.0,0.0,2,0,36196.0932,0.0,0.0001
FTMUSDT,2024-12-10 11:42:46,0,0,0.0,0.0,7,4,103189.13279999999,69524.784,0.0001
OPUSDT,2024-12-10 11:42:46,0,2,0.0,1663.0717822699999,2,1,22607.50544,12634.1481,0.0001
BTCUSDT,2024-12-10 11:43:46,0,0,0.0,0.0,20,37,947363.4220512,700166.7946137998,0.0001
ETHUSDT,2024-12-10 11:43:46,0,0,0.0,0.0,28,20,798166.850717,676672.774048,0.0001
XRPUSDT,2024-12-10 11:43:46,0,0,0.0,0.0,2,16,59443.51209999999,251684.71629999997,0.0001
SOLUSDT,2024-12-10 11:43:46,0,0,0.0,0.0,3,11,35013.2578,200937.47285000005,0.0001
LINKUSDT,2024-12-10 11:43:46,0,0,0.0,0.0,0,0,0.0,0.0,0.0001
ADAUSDT,2024-12-10 11:43:46,0,0,0.0,0.0,0,4,0.0,76396.99291,0.0001
TRXUSDT,2024-12-10 11:43:46,0,0,0.0,0.0,1,1,25776.43199,23385.84732,0.0001
BNBUSDT,2024-12-10 11:43:46,0,0,0.0,0.0,0,3,0.0,48269.67937,5.372e-05
SUIUSDT,2024-12-10 11:43:46,0,0,0.0,0.0,0,0,0.0,0.0,-3.315e-05
HBARUSDT,2024-12-10 11:43:46,0,0,0.0,0.0,0,0,0.0,0.0,0.0001
LTCUSDT,2024-12-10 11:43:46,0,0,0.0,0.0,3,4,59219.84208,69060.39236,0.0001
SUSHIUSDT,2024-12-10 11:43:46,0,0,0.0,0.0,0,0,0.0,0.0,0.0001
UNIUSDT,2024-12-10 11:43:46,0,0,0.0,0.0,3,0,86347.29726,0.0,0.0001
AVAXUSDT,2024-12-10 11:43:46,0,0,0.0,0.0,0,2,0.0,36483.3756,4.766e-05
ALGOUSDT,2024-12-10 11:43:46,0,0,0.0,0.0,0,0,0.0,0.0,0.0001
ETCUSDT,2024-12-10 11:43:46,0,0,0.0,0.0,0,0,0.0,0.0,0.0001
DOTUSDT,2024-12-10 11:43:46,0,0,0.0,0.0,0,3,0.0,36065.56633,9.416e-05
FILUSDT,2024-12-10 11:43:46,0,0,0.0,0.0,0,0,0.0,0.0,0.0001
ARBUSDT,2024-12-10 11:43:46,0,0,0.0,0.0,0,0,0.0,0.0,0.0001
BCHUSDT,2024-12-10 11:43:46,0,0,0.0,0.0,0,0,0.0,0.0,0.0001
WLDUSDT,2024-12-10 11:43:46,0,0,0.0,0.0,1,1,15852.897899999998,10074.2114,-7.93e-06
CRVUSDT,2024-12-10 11:43:46,0,0,0.0,0.0,0,0,0.0,0.0,0.0001
NEARUSDT,2024-12-10 11:43:46,0,0,0.0,0.0,2,10,31621.881699999998,134720.55500000002,7.641e-05
XLMUSDT,2024-12-10 11:43:46,0,0,0.0,0.0,0,1,0.0,10349.9669,0.0001
SANDUSDT,2024-12-10 11:43:46,0,0,0.0,0.0,0,0,0.0,0.0,0.0001
AAVEUSDT,2024-12-10 11:43:46,0,0,0.0,0.0,3,0,38495.01519,0.0,0.0001
RENDERUSDT,2024-12-10 11:43:46,0,0,0.0,0.0,0,0,0.0,0.0,5e-05
APTUSDT,2024-12-10 11:43:46,0,0,0.0,0.0,0,0,0.0,0.0,0.0001
FTMUSDT,2024-12-10 11:43:46,0,0,0.0,0.0,0,0,0.0,0.0,0.0001
OPUSDT,2024-12-10 11:43:46,0,0,0.0,0.0,0,0,0.0,0.0,0.0001
BTCUSDT,2024-12-10 11:44:46,0,0,0.0,0.0,19,7,446867.5509745001,221053.2417512,0.0001
ETHUSDT,2024-12-10 11:44:46,0,0,0.0,0.0,9,2,132746.14843,76643.855491,0.0001
XRPUSDT,2024-12-10 11:44:46,0,0,0.0,0.0,10,4,160446.4356,62918.8971,0.0001
SOLUSDT,2024-12-10 11:44:46,0,0,0.0,0.0,4,7,53774.19555999999,137348.78412,0.0001
LINKUSDT,2024-12-10 11:44:46,0,0,0.0,0.0,2,1,66991.45700000001,13032.448000000002,0.0001
ADAUSDT,2024-12-10 11:44:46,0,0,0.0,0.0,1,0,12860.95806,0.0,0.0001
TRXUSDT,2024-12-10 11:44:46,0,0,0.0,0.0,4,3,76713.6753,38601.5493,0.0001
BNBUSDT,2024-12-10 11:44:46,0,0,0.0,0.0,0,0,0.0,0.0,5.372e-05
SUIUSDT,2024-12-10 11:44:46,0,0,0.0,0.0,1,1,11491.19492,16381.490099999999,-3.315e-05
HBARUSDT,2024-12-10 11:44:46,0,0,0.0,0.0,0,0,0.0,0.0,0.0001
LTCUSDT,2024-12-10 11:44:46,0,0,0.0,0.0,1,0,10390.17204,0.0,0.0001
SUSHIUSDT,2024-12-10 11:44:46,0,0,0.0,0.0,0,0,0.0,0.0,0.0001
UNIUSDT,2024-12-10 11:44:46,0,0,0.0,0.0,0,1,0.0,16932.80936,0.0001
AVAXUSDT,2024-12-10 11:44:46,0,0,0.0,0.0,0,2,0.0,24900.538099999998,4.766e-05
ALGOUSDT,2024-12-10 11:44:46,0,0,0.0,0.0,1,0,10224.307999999999,0.0,0.0001
ETCUSDT,2024-12-10 11:44:46,0,0,0.0,0.0,0,0,0.0,0.0,0.0001
DOTUSDT,2024-12-10 11:44:46,0,0,0.0,0.0,0,0,0.0,0.0,9.416e-05
FILUSDT,2024-12-10 11:44:46,0,0,0.0,0.0,0,1,0.0,17005.48896,0.0001
ARBUSDT,2024-12-10 11:44:46,0,0,0.0,0.0,0,0,0.0,0.0,0.0001
BCHUSDT,2024-12-10 11:44:46,0,0,0.0,0.0,0,0,0.0,0.0,0.0001
WLDUSDT,2024-12-10 11:44:46,0,0,0.0,0.0,0,1,0.0,10336.435200000002,-7.93e-06
CRVUSDT,2024-12-10 11:44:46,0,0,0.0,0.0,0,0,0.0,0.0,0.0001
NEARUSDT,2024-12-10 11:44:46,0,0,0.0,0.0,1,5,16086.369,106625.6599,7.641e-05
XLMUSDT,2024-12-10 11:44:46,0,0,0.0,0.0,0,0,0.0,0.0,0.0001
SANDUSDT,2024-12-10 11:44:46,0,0,0.0,0.0,0,0,0.0,0.0,0.0001
AAVEUSDT,2024-12-10 11:44:46,1,0,258.0444,0.0,10,13,244987.50587000002,558042.41235,0.0001
RENDERUSDT,2024-12-10 11:44:46,0,0,0.0,0.0,0,0,0.0,0.0,5e-05
APTUSDT,2024-12-10 11:44:46,0,0,0.0,0.0,0,0,0.0,0.0,0.0001
FTMUSDT,2024-12-10 11:44:46,0,0,0.0,0.0,0,0,0.0,0.0,0.0001
OPUSDT,2024-12-10 11:44:46,0,0,0.0,0.0,0,0,0.0,0.0,0.0001
BTCUSDT,2024-12-10 11:45:46,0,0,0.0,0.0,12,53,249568.8314716,1662333.9511354,0.0001
ETHUSDT,2024-12-10 11:45:46,0,0,0.0,0.0,12,6,217251.208685,142575.603482,0.0001
XRPUSDT,2024-12-10 11:45:46,0,0,0.0,0.0,6,1,93037.91570000001,24243.1488,0.0001
SOLUSDT,2024-12-10 11:45:46,0,0,0.0,0.0,4,10,53910.48311,142644.82748999997,0.0001
LINKUSDT,2024-12-10 11:45:46,0,0,0.0,0.0,1,1,10638.4952,20599.361599999997,0.0001
ADAUSDT,2024-12-10 11:45:46,0,0,0.0,0.0,0,0,0.0,0.0,0.0001
TRXUSDT,2024-12-10 11:45:46,1,0,3418.2808,0.0,15,1,228747.04510999998,11335.9536,0.0001
BNBUSDT,2024-12-10 11:45:46,0,0,0.0,0.0,0,0,0.0,0.0,5.372e-05
SUIUSDT,2024-12-10 11:45:46,0,0,0.0,0.0,0,0,0.0,0.0,-3.315e-05
HBARUSDT,2024-12-10 11:45:46,1,0,1177.12353,0.0,1,1,10001.2544,48100.813319999994,0.0001
LTCUSDT,2024-12-10 11:45:46,0,0,0.0,0.0,3,2,34009.546689999996,21498.78892,0.0001
SUSHIUSDT,2024-12-10 11:45:46,0,0,0.0,0.0,0,0,0.0,0.0,0.0001
UNIUSDT,2024-12-10 11:45:46,0,0,0.0,0.0,0,2,0.0,30178.062990000002,0.0001
AVAXUSDT,2024-12-10 11:45:46,0,0,0.0,0.0,0,0,0.0,0.0,4.766e-05
ALGOUSDT,2024-12-10 11:45:46,0,0,0.0,0.0,0,0,0.0,0.0,0.0001
ETCUSDT,2024-12-10 11:45:46,0,0,0.0,0.0,0,0,0.0,0.0,0.0001
DOTUSDT,2024-12-10 11:45:46,0,0,0.0,0.0,0,0,0.0,0.0,9.416e-05
FILUSDT,2024-12-10 11:45:46,0,0,0.0,0.0,0,0,0.0,0.0,0.0001
ARBUSDT,2024-12-10 11:45:46,0,0,0.0,0.0,0,0,0.0,0.0,0.0001
BCHUSDT,2024-12-10 11:45:46,0,0,0.0,0.0,0,0,0.0,0.0,0.0001
WLDUSDT,2024-12-10 11:45:46,0,0,0.0,0.0,1,2,16111.985399999998,44242.836899999995,-7.93e-06
CRVUSDT,2024-12-10 11:45:46,0,0,0.0,0.0,0,0,0.0,0.0,0.0001
NEARUSDT,2024-12-10 11:45:46,0,0,0.0,0.0,1,6,17448.834000000003,78731.477,7.641e-05
XLMUSDT,2024-12-10 11:45:46,0,0,0.0,0.0,0,0,0.0,0.0,0.0001
SANDUSDT,2024-12-10 11:45:46,0,0,0.0,0.0,0,0,0.0,0.0,0.0001
AAVEUSDT,2024-12-10 11:45:46,0,0,0.0,0.0,1,0,16420.0575,0.0,0.0001
RENDERUSDT,2024-12-10 11:45:46,0,0,0.0,0.0,0,0,0.0,0.0,5e-05
APTUSDT,2024-12-10 11:45:46,0,0,0.0,0.0,1,0,11028.4028,0.0,0.0001
FTMUSDT,2024-12-10 11:45:46,0,1,0.0,4765.359648,1,0,11846.7441,0.0,0.0001
OPUSDT,2024-12-10 11:45:46,0,0,0.0,0.0,0,0,0.0,0.0,0.0001
BTCUSDT,2024-12-10 11:46:46,0,0,0.0,0.0,20,12,829743.7602229,274591.9448073,0.0001
ETHUSDT,2024-12-10 11:46:46,0,0,0.0,0.0,5,3,64901.473876,176159.762365,0.0001
XRPUSDT,2024-12-10 11:46:46,0,0,0.0,0.0,10,2,142041.7105,33536.1559,0.0001
SOLUSDT,2024-12-10 11:46:46,0,0,0.0,0.0,7,2,96046.58514,51683.25785,0.0001
LINKUSDT,2024-12-10 11:46:46,0,0,0.0,0.0,0,2,0.0,23115.0,0.0001
ADAUSDT,2024-12-10 11:46:46,0,0,0.0,0.0,7,0,160475.583,0.0,0.0001
TRXUSDT,2024-12-10 11:46:46,0,0,0.0,0.0,11,0,167333.55224,0.0,0.0001
BNBUSDT,2024-12-10 11:46:46,0,0,0.0,0.0,2,0,21543.355620000002,0.0,5.372e-05
SUIUSDT,2024-12-10 11:46:46,2,0,6509.7375392,0.0,0,0,0.0,0.0,-3.315e-05
HBARUSDT,2024-12-10 11:46:46,0,0,0.0,0.0,1,1,14092.25268,14385.32398,0.0001
LTCUSDT,2024-12-10 11:46:46,0,0,0.0,0.0,2,5,65384.52803999999,125566.32631,0.0001
SUSHIUSDT,2024-12-10 11:46:46,1,0,42.0394,0.0,0,0,0.0,0.0,0.0001
UNIUSDT,2024-12-10 11:46:46,0,0,0.0,0.0,0,0,0.0,0.0,0.0001
AVAXUSDT,2024-12-10 11:46:46,0,0,0.0,0.0,0,0,0.0,0.0,4.766e-05
ALGOUSDT,2024-12-10 11:46:46,0,0,0.0,0.0,0,0,0.0,0.0,0.0001
ETCUSDT,2024-12-10 11:46:46,0,0,0.0,0.0,0,0,0.0,0.0,0.0001
DOTUSDT,2024-12-10 11:46:46,0,0,0.0,0.0,0,0,0.0,0.0,9.416e-05
FILUSDT,2024-12-10 11:46:46,0,0,0.0,0.0,2,0,23492.553,0.0,0.0001
ARBUSDT,2024-12-10 11:46:46,0,0,0.0,0.0,0,0,0.0,0.0,0.0001
BCHUSDT,2024-12-10 11:46:46,0,0,0.0,0.0,0,0,0.0,0.0,0.0001
WLDUSDT,2024-12-10 11:46:46,0,0,0.0,0.0,0,1,0.0,14520.4778,-7.93e-06
CRVUSDT,2024-12-10 11:46:46,0,0,0.0,0.0,0,0,0.0,0.0,0.0001
NEARUSDT,2024-12-10 11:46:46,0,0,0.0,0.0,2,2,40511.8316,24284.8145,7.641e-05
XLMUSDT,2024-12-10 11:46:46,0,0,0.0,0.0,0,0,0.0,0.0,0.0001
SANDUSDT,2024-12-10 11:46:46,0,0,0.0,0.0,0,0,0.0,0.0,0.0001
AAVEUSDT,2024-12-10 11:46:46,0,0,0.0,0.0,0,0,0.0,0.0,0.0001
RENDERUSDT,2024-12-10 11:46:46,0,0,0.0,0.0,0,0,0.0,0.0,5e-05
APTUSDT,2024-12-10 11:46:46,0,0,0.0,0.0,0,1,0.0,19941.0,0.0001
FTMUSDT,2024-12-10 11:46:46,0,0,0.0,0.0,0,0,0.0,0.0,0.0001
OPUSDT,2024-12-10 11:46:46,0,0,0.0,0.0,0,0,0.0,0.0,0.0001
BTCUSDT,2024-12-10 11:47:46,0,0,0.0,0.0,9,19,166862.5122173,423794.9516308999,0.0001
ETHUSDT,2024-12-10 11:47:46,0,0,0.0,0.0,8,8,234924.18868300001,188340.595605,0.0001
XRPUSDT,2024-12-10 11:47:46,0,0,0.0,0.0,5,4,64610.5981,44725.1425,0.0001
SOLUSDT,2024-12-10 11:47:46,0,0,0.0,0.0,7,6,98273.62832999999,74657.90718000001,0.0001
LINKUSDT,2024-12-10 11:47:46,0,0,0.0,0.0,0,0,0.0,0.0,0.0001
ADAUSDT,2024-12-10 11:47:46,0,0,0.0,0.0,1,1,10233.449939999999,25749.9315,0.0001
TRXUSDT,2024-12-10 11:47:46,0,0,0.0,0.0,5,0,122016.25676,0.0,0.0001
BNBUSDT,2024-12-10 11:47:46,0,0,0.0,0.0,1,0,14950.96692,0.0,5.372e-05
SUIUSDT,2024-12-10 11:47:46,0,0,0.0,0.0,0,0,0.0,0.0,-3.315e-05
HBARUSDT,2024-12-10 11:47:46,0,0,0.0,0.0,0,0,0.0,0.0,0.0001
LTCUSDT,2024-12-10 11:47:46,0,0,0.0,0.0,1,0,17983.83761,0.0,0.0001
SUSHIUSDT,2024-12-10 11:47:46,0,0,0.0,0.0,0,0,0.0,0.0,0.0001
UNIUSDT,2024-12-10 11:47:46,0,0,0.0,0.0,0,0,0.0,0.0,0.0001
AVAXUSDT,2024-12-10 11:47:46,0,0,0.0,0.0,0,0,0.0,0.0,4.766e-05
ALGOUSDT,2024-12-10 11:47:46,0,0,0.0,0.0,0,0,0.0,0.0,0.0001
ETCUSDT,2024-12-10 11:47:46,0,0,0.0,0.0,2,1,25301.709600000002,11770.6176,0.0001
DOTUSDT,2024-12-10 11:47:46,0,0,0.0,0.0,0,0,0.0,0.0,9.416e-05
FILUSDT,2024-12-10 11:47:46,0,0,0.0,0.0,0,0,0.0,0.0,0.0001
ARBUSDT,2024-12-10 11:47:46,0,0,0.0,0.0,0,0,0.0,0.0,0.0001
BCHUSDT,2024-12-10 11:47:46,0,0,0.0,0.0,0,0,0.0,0.0,0.0001
WLDUSDT,2024-12-10 11:47:46,0,0,0.0,0.0,4,2,71111.41949999999,50447.7417,-7.93e-06
CRVUSDT,2024-12-10 11:47:46,0,0,0.0,0.0,0,0,0.0,0.0,0.0001
NEARUSDT,2024-12-10 11:47:46,0,0,0.0,0.0,2,0,27349.968800000002,0.0,7.641e-05
XLMUSDT,2024-12-10 11:47:46,0,0,0.0,0.0,0,0,0.0,0.0,0.0001
SANDUSDT,2024-12-10 11:47:46,0,0,0.0,0.0,0,0,0.0,0.0,0.0001
AAVEUSDT,2024-12-10 11:47:46,0,0,0.0,0.0,3,0,35143.40008000001,0.0,0.0001
RENDERUSDT,2024-12-10 11:47:46,0,0,0.0,0.0,0,0,0.0,0.0,5e-05
APTUSDT,2024-12-10 11:47:46,0,0,0.0,0.0,0,0,0.0,0.0,0.0001
FTMUSDT,2024-12-10 11:47:46,0,0,0.0,0.0,0,0,0.0,0.0,0.0001
OPUSDT,2024-12-10 11:47:46,0,0,0.0,0.0,0,0,0.0,0.0,0.0001
BTCUSDT,2024-12-10 11:48:46,0,0,0.0,0.0,6,7,201690.8838971,216697.7177848,0.0001
ETHUSDT,2024-12-10 11:48:46,0,0,0.0,0.0,11,5,296839.71086500003,68243.212813,0.0001
XRPUSDT,2024-12-10 11:48:46,0,0,0.0,0.0,1,7,14135.2582,99323.9525,0.0001
SOLUSDT,2024-12-10 11:48:46,0,0,0.0,0.0,3,1,54284.71441,11855.735359999999,0.0001
LINKUSDT,2024-12-10 11:48:46,0,0,0.0,0.0,0,0,0.0,0.0,0.0001
ADAUSDT,2024-12-10 11:48:46,0,0,0.0,0.0,1,1,12420.62208,13936.58706,0.0001
TRXUSDT,2024-12-10 11:48:46,0,0,0.0,0.0,2,1,42024.798950000004,13840.6795,0.0001
BNBUSDT,2024-12-10 11:48:46,0,0,0.0,0.0,1,0,13918.019900000001,0.0,5.372e-05
SUIUSDT,2024-12-10 11:48:46,0,0,0.0,0.0,0,0,0.0,0.0,-3.315e-05
HBARUSDT,2024-12-10 11:48:46,0,0,0.0,0.0,0,0,0.0,0.0,0.0001
LTCUSDT,2024-12-10 11:48:46,0,0,0.0,0.0,0,0,0.0,0.0,0.0001
SUSHIUSDT,2024-12-10 11:48:46,0,0,0.0,0.0,0,0,0.0,0.0,0.0001
UNIUSDT,2024-12-10 11:48:46,0,0,0.0,0.0,0,0,0.0,0.0,0.0001
AVAXUSDT,2024-12-10 11:48:46,0,0,0.0,0.0,0,0,0.0,0.0,4.766e-05
ALGOUSDT,2024-12-10 11:48:46,0,0,0.0,0.0,0,0,0.0,0.0,0.0001
ETCUSDT,2024-12-10 11:48:46,0,0,0.0,0.0,1,0,14428.908,0.0,0.0001
DOTUSDT,2024-12-10 11:48:46,0,0,0.0,0.0,0,0,0.0,0.0,9.416e-05
FILUSDT,2024-12-10 11:48:46,0,0,0.0,0.0,0,0,0.0,0.0,0.0001
ARBUSDT,2024-12-10 11:48:46,0,0,0.0,0.0,4,0,64394.100099999996,0.0,0.0001
BCHUSDT,2024-12-10 11:48:46,0,0,0.0,0.0,0,0,0.0,0.0,0.0001
WLDUSDT,2024-12-10 11:48:46,0,0,0.0,0.0,0,3,0.0,40297.1529,-7.93e-06
CRVUSDT,2024-12-10 11:48:46,0,0,0.0,0.0,0,1,0.0,10059.37941,0.0001
NEARUSDT,2024-12-10 11:48:46,0,0,0.0,0.0,6,3,88276.51610000001,39092.2245,7.641e-05
XLMUSDT,2024-12-10 11:48:46,0,0,0.0,0.0,0,1,0.0,10082.740800000001,0.0001
SANDUSDT,2024-12-10 11:48:46,0,0,0.0,0.0,0,0,0.0,0.0,0.0001
AAVEUSDT,2024-12-10 11:48:46,0,0,0.0,0.0,0,0,0.0,0.0,0.0001
RENDERUSDT,2024-12-10 11:48:46,0,0,0.0,0.0,0,0,0.0,0.0,5e-05
APTUSDT,2024-12-10 11:48:46,0,0,0.0,0.0,0,0,0.0,0.0,0.0001
FTMUSDT,2024-12-10 11:48:46,0,0,0.0,0.0,0,0,0.0,0.0,0.0001
OPUSDT,2024-12-10 11:48:46,0,0,0.0,0.0,0,0,0.0,0.0,0.0001
BTCUSDT,2024-12-10 11:49:46,0,0,0.0,0.0,13,16,265739.9186244,604320.7394367999,0.0001
ETHUSDT,2024-12-10 11:49:46,0,0,0.0,0.0,7,0,226212.309362,0.0,0.0001
XRPUSDT,2024-12-10 11:49:46,0,0,0.0,0.0,0,4,0.0,58672.485799999995,0.0001
SOLUSDT,2024-12-10 11:49:46,0,0,0.0,0.0,14,4,292022.13633,103402.00987,0.0001
LINKUSDT,2024-12-10 11:49:46,0,0,0.0,0.0,2,1,35905.0288,25017.279,0.0001
ADAUSDT,2024-12-10 11:49:46,0,0,0.0,0.0,0,0,0.0,0.0,0.0001
TRXUSDT,2024-12-10 11:49:46,0,0,0.0,0.0,1,2,12166.79584,26216.40726,0.0001
BNBUSDT,2024-12-10 11:49:46,0,0,0.0,0.0,2,1,29773.6545,14093.3926,5.372e-05
SUIUSDT,2024-12-10 11:49:46,0,0,0.0,0.0,0,0,0.0,0.0,-3.315e-05
HBARUSDT,2024-12-10 11:49:46,0,0,0.0,0.0,0,1,0.0,25401.0668,0.0001
LTCUSDT,2024-12-10 11:49:46,0,0,0.0,0.0,1,0,18649.102750000002,0.0,0.0001
SUSHIUSDT,2024-12-10 11:49:46,0,0,0.0,0.0,0,0,0.0,0.0,0.0001
UNIUSDT,2024-12-10 11:49:46,0,0,0.0,0.0,0,0,0.0,0.0,0.0001
AVAXUSDT,2024-12-10 11:49:46,0,0,0.0,0.0,0,0,0.0,0.0,4.766e-05
ALGOUSDT,2024-12-10 11:49:46,0,0,0.0,0.0,0,0,0.0,0.0,0.0001
ETCUSDT,2024-12-10 11:49:46,0,0,0.0,0.0,0,0,0.0,0.0,0.0001
DOTUSDT,2024-12-10 11:49:46,0,0,0.0,0.0,0,0,0.0,0.0,9.416e-05
FILUSDT,2024-12-10 11:49:46,0,0,0.0,0.0,0,1,0.0,10179.92688,0.0001
ARBUSDT,2024-12-10 11:49:46,0,0,0.0,0.0,0,0,0.0,0.0,0.0001
BCHUSDT,2024-12-10 11:49:46,0,0,0.0,0.0,0,0,0.0,0.0,0.0001
WLDUSDT,2024-12-10 11:49:46,0,0,0.0,0.0,1,0,10322.1104,0.0,-7.93e-06
CRVUSDT,2024-12-10 11:49:46,0,0,0.0,0.0,0,1,0.0,14495.74,0.0001
NEARUSDT,2024-12-10 11:49:46,0,0,0.0,0.0,0,0,0.0,0.0,7.641e-05
XLMUSDT,2024-12-10 11:49:46,0,0,0.0,0.0,0,0,0.0,0.0,0.0001
SANDUSDT,2024-12-10 11:49:46,0,0,0.0,0.0,0,0,0.0,0.0,0.0001
AAVEUSDT,2024-12-10 11:49:46,0,0,0.0,0.0,0,0,0.0,0.0,0.0001
RENDERUSDT,2024-12-10 11:49:46,0,0,0.0,0.0,0,0,0.0,0.0,5e-05
APTUSDT,2024-12-10 11:49:46,0,0,0.0,0.0,0,1,0.0,30596.083599999998,0.0001
FTMUSDT,2024-12-10 11:49:46,0,0,0.0,0.0,0,0,0.0,0.0,0.0001
OPUSDT,2024-12-10 11:49:46,0,0,0.0,0.0,0,0,0.0,0.0,0.0001
BTCUSDT,2024-12-10 11:50:46,0,0,0.0,0.0,8,10,254220.6852145,251282.3702295,0.0001
ETHUSDT,2024-12-10 11:50:46,0,0,0.0,0.0,3,8,86416.02655,220713.48231500003,0.0001
XRPUSDT,2024-12-10 11:50:46,0,0,0.0,0.0,10,8,152229.0603,100264.87939999999,0.0001
SOLUSDT,2024-12-10 11:50:46,0,0,0.0,0.0,9,5,210491.91779,84398.88614999999,0.0001
LINKUSDT,2024-12-10 11:50:46,0,0,0.0,0.0,3,0,96176.01060000001,0.0,0.0001
ADAUSDT,2024-12-10 11:50:46,0,0,0.0,0.0,3,1,71722.7226,15579.48525,0.0001
TRXUSDT,2024-12-10 11:50:46,0,0,0.0,0.0,2,1,21530.96572,10095.570539999999,0.0001
BNBUSDT,2024-12-10 11:50:46,0,0,0.0,0.0,1,0,12982.800000000001,0.0,5.372e-05
SUIUSDT,2024-12-10 11:50:46,0,0,0.0,0.0,0,0,0.0,0.0,-3.315e-05
